@ARTICLE{Eldridge+2017,
   author = {{Eldridge}, J.~J. and {Stanway}, E.~R. and {Xiao}, L. and {McClelland}, L.~A.~S. and 
	{Taylor}, G. and {Ng}, M. and {Greis}, S.~M.~L. and {Bray}, J.~C. and 
	{.}},
    title = "{Binary Population and Spectral Synthesis Version 2.1: construction, observational verification and new results}",
  journal = {ArXiv e-prints},
archivePrefix = "arXiv",
   eprint = {1710.02154},
 primaryClass = "astro-ph.SR",
 keywords = {Astrophysics - Solar and Stellar Astrophysics, Astrophysics - Astrophysics of Galaxies},
     year = 2017,
    month = oct,
   adsurl = {http://adsabs.harvard.edu/abs/2017arXiv171002154E},
  adsnote = {Provided by the SAO/NASA Astrophysics Data System}
}

@ARTICLE{Pandya+2017,
   author = {{Pandya}, V. and {Greene}, J.~E. and {Ma}, C.-P. and {Veale}, M. and 
	{Ene}, I. and {Davis}, T.~A. and {Blakeslee}, J.~P. and {Goulding}, A.~D. and 
	{McConnell}, N.~J. and {Nyland}, K. and {Thomas}, J.},
    title = "{The MASSIVE Survey. VI. The Spatial Distribution and Kinematics of Warm Ionized Gas in the Most Massive Local Early-type Galaxies}",
  journal = {\apj},
archivePrefix = "arXiv",
   eprint = {1701.08772},
 keywords = {galaxies: elliptical and lenticular, cD, galaxies: evolution, galaxies: ISM, galaxies: kinematics and dynamics, ISM: kinematics and dynamics, ISM: lines and bands},
     year = 2017,
    month = mar,
   volume = 837,
      eid = {40},
    pages = {40},
      doi = {10.3847/1538-4357/aa5ebc},
   adsurl = {http://adsabs.harvard.edu/abs/2017ApJ...837...40P},
  adsnote = {Provided by the SAO/NASA Astrophysics Data System}
}

@ARTICLE{deSouza+2017,
   author = {{de Souza}, R.~S. and {Dantas}, M.~L.~L. and {Costa-Duarte}, M.~V. and 
	{Feigelson}, E.~D. and {Killedar}, M. and {Lablanche}, P.-Y. and 
	{Vilalta}, R. and {Krone-Martins}, A. and {Beck}, R. and {Gieseke}, F.
	},
    title = "{A probabilistic approach to emission-line galaxy classification}",
  journal = {\mnras},
archivePrefix = "arXiv",
   eprint = {1703.07607},
     year = 2017,
    month = dec,
   volume = 472,
    pages = {2808-2822},
      doi = {10.1093/mnras/stx2156},
   adsurl = {http://adsabs.harvard.edu/abs/2017MNRAS.472.2808D},
  adsnote = {Provided by the SAO/NASA Astrophysics Data System}
}

@ARTICLE{Zhang+2017,
   author = {{Zhang}, K. and {Yan}, R. and {Bundy}, K. and {Bershady}, M. and 
	{Haffner}, L.~M. and {Walterbos}, R. and {Maiolino}, R. and 
	{Tremonti}, C. and {Thomas}, D. and {Drory}, N. and {Jones}, A. and 
	{Belfiore}, F. and {S{\'a}nchez}, S.~F. and {Diamond-Stanic}, A.~M. and 
	{Bizyaev}, D. and {Nitschelm}, C. and {Andrews}, B. and {Brinkmann}, J. and 
	{Brownstein}, J.~R. and {Cheung}, E. and {Li}, C. and {Law}, D.~R. and 
	{Roman Lopes}, A. and {Oravetz}, D. and {Pan}, K. and {Storchi Bergmann}, T. and 
	{Simmons}, A.},
    title = "{SDSS-IV MaNGA: the impact of diffuse ionized gas on emission-line ratios, interpretation of diagnostic diagrams and gas metallicity measurements}",
  journal = {\mnras},
archivePrefix = "arXiv",
   eprint = {1612.02000},
 keywords = {galaxies: abundances, galaxies: active, galaxies: evolution, galaxies: fundamental parameters, galaxies: ISM},
     year = 2017,
    month = apr,
   volume = 466,
    pages = {3217-3243},
      doi = {10.1093/mnras/stw3308},
   adsurl = {http://adsabs.harvard.edu/abs/2017MNRAS.466.3217Z},
  adsnote = {Provided by the SAO/NASA Astrophysics Data System}
}


@ARTICLE{Hirschmann+2017,
   author = {{Hirschmann}, M. and {Charlot}, S. and {Feltre}, A. and {Naab}, T. and 
	{Choi}, E. and {Ostriker}, J.~P. and {Somerville}, R.~S.},
    title = "{Synthetic nebular emission from massive galaxies - I: origin of the cosmic evolution of optical emission-line ratios}",
  journal = {\mnras},
archivePrefix = "arXiv",
   eprint = {1706.00010},
     year = 2017,
    month = dec,
   volume = 472,
    pages = {2468-2495},
      doi = {10.1093/mnras/stx2180},
   adsurl = {http://adsabs.harvard.edu/abs/2017MNRAS.472.2468H},
  adsnote = {Provided by the SAO/NASA Astrophysics Data System}
}

@ARTICLE{Nicholls+2017,
   author = {{Nicholls}, D.~C. and {Sutherland}, R.~S. and {Dopita}, M.~A. and 
	{Kewley}, L.~J. and {Groves}, B.~A.},
    title = "{Abundance scaling in stars, nebulae and galaxies}",
  journal = {\mnras},
archivePrefix = "arXiv",
   eprint = {1612.03546},
 keywords = {Sun: abundances, Stars: abundances, ISM: abundances, Galaxies: abundances, stars: abundances, galaxies: abundances},
     year = 2017,
    month = apr,
   volume = 466,
    pages = {4403-4422},
      doi = {10.1093/mnras/stw3235},
   adsurl = {http://adsabs.harvard.edu/abs/2017MNRAS.466.4403N},
  adsnote = {Provided by the SAO/NASA Astrophysics Data System}
}

@ARTICLE{Byler+2017,
   author = {{Byler}, N. and {Dalcanton}, J.~J. and {Conroy}, C. and {Johnson}, B.~D.
	},
    title = "{Nebular Continuum and Line Emission in Stellar Population Synthesis Models}",
  journal = {\apj},
archivePrefix = "arXiv",
   eprint = {1611.08305},
 keywords = {galaxies: abundances, galaxies: ISM, galaxies: star formation},
     year = 2017,
    month = may,
   volume = 840,
      eid = {44},
    pages = {44},
      doi = {10.3847/1538-4357/aa6c66},
   adsurl = {http://adsabs.harvard.edu/abs/2017ApJ...840...44B},
  adsnote = {Provided by the SAO/NASA Astrophysics Data System}
}

@ARTICLE{Byler+2016,
   author = {{Byler}, N. and {Dalcanton}, J.~J. and {Conroy}, C. and {Johnson}, B.~D.
	},
    title = "{Nebular Continuum and Line Emission in Stellar Population Synthesis Models}",
  journal = {ArXiv e-prints},
archivePrefix = "arXiv",
   eprint = {1611.08305},
 keywords = {Astrophysics - Astrophysics of Galaxies},
     year = 2016,
    month = nov,
   adsurl = {http://adsabs.harvard.edu/abs/2016arXiv161108305B},
  adsnote = {Provided by the SAO/NASA Astrophysics Data System}
}

@ARTICLE{Johansson+2016,
   author = {{Johansson}, J. and {Woods}, T.~E. and {Gilfanov}, M. and {Sarzi}, M. and 
	{Chen}, Y.-M. and {Oh}, K.},
    title = "{Diffuse gas in retired galaxies: nebular emission templates and constraints on the sources of ionization}",
  journal = {\mnras},
archivePrefix = "arXiv",
   eprint = {1607.02243},
 keywords = {galaxies: elliptical and lenticular, cD, galaxies: ISM},
     year = 2016,
    month = oct,
   volume = 461,
    pages = {4505-4516},
      doi = {10.1093/mnras/stw1668},
   adsurl = {http://adsabs.harvard.edu/abs/2016MNRAS.461.4505J},
  adsnote = {Provided by the SAO/NASA Astrophysics Data System}
}

@ARTICLE{Gomes+2016,
   author = {{Gomes}, J.~M. and {Papaderos}, P. and {Kehrig}, C. and {V{\'{\i}}lchez}, J.~M. and 
	{Lehnert}, M.~D. and {S{\'a}nchez}, S.~F. and {Ziegler}, B. and 
	{Breda}, I. and {Dos Reis}, S.~N. and {Iglesias-P{\'a}ramo}, J. and 
	{Bland-Hawthorn}, J. and {Galbany}, L. and {Bomans}, D.~J. and 
	{Rosales-Ortega}, F.~F. and {Cid Fernandes}, R. and {Walcher}, C.~J. and 
	{Falc{\'o}n-Barroso}, J. and {Garc{\'{\i}}a-Benito}, R. and 
	{M{\'a}rquez}, I. and {Del Olmo}, A. and {Masegosa}, J. and 
	{Moll{\'a}}, M. and {Marino}, R.~A. and {Gonz{\'a}lez Delgado}, R.~M. and 
	{L{\'o}pez-S{\'a}nchez}, {\'A}.~R. and {CALIFA Collaboration}
	},
    title = "{Warm ionized gas in CALIFA early-type galaxies. 2D emission-line patterns and kinematics for 32 galaxies}",
  journal = {\aap},
archivePrefix = "arXiv",
   eprint = {1511.02191},
 keywords = {galaxies: elliptical and lenticular, cD, galaxies: nuclei, galaxies: kinematics and dynamics, galaxies: star formation},
     year = 2016,
    month = apr,
   volume = 588,
      eid = {A68},
    pages = {A68},
      doi = {10.1051/0004-6361/201525976},
   adsurl = {http://adsabs.harvard.edu/abs/2016A%26A...588A..68G},
  adsnote = {Provided by the SAO/NASA Astrophysics Data System}
}


@ARTICLE{Terao+2016,
   author = {{Terao}, K. and {Nagao}, T. and {Hashimoto}, T. and {Yanagisawa}, K. and 
	{Matsuoka}, K. and {Toba}, Y. and {Ikeda}, H. and {Taniguchi}, Y.
	},
    title = "{Near-infrared Spectroscopy of Nearby Seyfert Galaxies: Is There Evidence for Shock Excitation in Narrow-line Regions?}",
  journal = {\apj},
archivePrefix = "arXiv",
   eprint = {1610.05978},
 keywords = {galaxies: active, galaxies: nuclei, galaxies: Seyfert, infrared: galaxies},
     year = 2016,
    month = dec,
   volume = 833,
      eid = {190},
    pages = {190},
      doi = {10.3847/1538-4357/833/2/190},
   adsurl = {http://adsabs.harvard.edu/abs/2016ApJ...833..190T},
  adsnote = {Provided by the SAO/NASA Astrophysics Data System}
}

@ARTICLE{Povic+2016,
   author = {{Povi{\'c}}, M. and {M{\'a}rquez}, I. and {Netzer}, H. and {Masegosa}, J. and 
	{Nordon}, R. and {P{\'e}rez}, E. and {Schoenell}, W.},
    title = "{Star formation and AGN activity in the most luminous LINERs in the local universe}",
  journal = {\mnras},
archivePrefix = "arXiv",
   eprint = {1607.03915},
 keywords = {galaxies: active, galaxies: nuclei, galaxies: star formation},
     year = 2016,
    month = nov,
   volume = 462,
    pages = {2878-2903},
      doi = {10.1093/mnras/stw1842},
   adsurl = {http://adsabs.harvard.edu/abs/2016MNRAS.462.2878P},
  adsnote = {Provided by the SAO/NASA Astrophysics Data System}
}

@ARTICLE{Gutkin+2016,
   author = {{Gutkin}, J. and {Charlot}, S. and {Bruzual}, G.},
    title = "{Modelling the nebular emission from primeval to present-day star-forming galaxies}",
  journal = {\mnras},
archivePrefix = "arXiv",
   eprint = {1607.06086},
 keywords = {galaxies: abundances, galaxies: general, galaxies: high-redshift, galaxies: ISM},
     year = 2016,
    month = oct,
   volume = 462,
    pages = {1757-1774},
      doi = {10.1093/mnras/stw1716},
   adsurl = {http://adsabs.harvard.edu/abs/2016MNRAS.462.1757G},
  adsnote = {Provided by the SAO/NASA Astrophysics Data System}
}

@ARTICLE{Belfiore+2016,
   author = {{Belfiore}, F. and {Maiolino}, R. and {Maraston}, C. and {Emsellem}, E. and 
	{Bershady}, M.~A. and {Masters}, K.~L. and {Yan}, R. and {Bizyaev}, D. and 
	{Boquien}, M. and {Brownstein}, J.~R. and {Bundy}, K. and {Drory}, N. and 
	{Heckman}, T.~M. and {Law}, D.~R. and {Roman-Lopes}, A. and 
	{Pan}, K. and {Stanghellini}, L. and {Thomas}, D. and {Weijmans}, A.-M. and 
	{Westfall}, K.~B.},
    title = "{SDSS IV MaNGA - spatially resolved diagnostic diagrams: a proof that many galaxies are LIERs}",
  journal = {\mnras},
archivePrefix = "arXiv",
   eprint = {1605.07189},
 keywords = {surveys, galaxies: evolution, galaxies: fundamental parameters, galaxies: ISM},
     year = 2016,
    month = sep,
   volume = 461,
    pages = {3111-3134},
      doi = {10.1093/mnras/stw1234},
   adsurl = {http://adsabs.harvard.edu/abs/2016MNRAS.461.3111B},
  adsnote = {Provided by the SAO/NASA Astrophysics Data System}
}

@ARTICLE{Alatalo+2016,
   author = {{Alatalo}, K. and {Cales}, S.~L. and {Rich}, J.~A. and {Appleton}, P.~N. and 
	{Kewley}, L.~J. and {Lacy}, M. and {Lanz}, L. and {Medling}, A.~M. and 
	{Nyland}, K.},
    title = "{Shocked POststarbust Galaxy Survey. I. Candidate Post-starbust Galaxies with Emission Line Ratios Consistent with Shocks}",
  journal = {\apjs},
archivePrefix = "arXiv",
   eprint = {1601.05085},
 keywords = {catalogs, galaxies: active, galaxies: evolution, galaxies: statistics},
     year = 2016,
    month = jun,
   volume = 224,
      eid = {38},
    pages = {38},
      doi = {10.3847/0067-0049/224/2/38},
   adsurl = {http://adsabs.harvard.edu/abs/2016ApJS..224...38A},
  adsnote = {Provided by the SAO/NASA Astrophysics Data System}
}

@ARTICLE{Choi+2016,
   author = {{Choi}, J. and {Dotter}, A. and {Conroy}, C. and {Cantiello}, M. and 
	{Paxton}, B. and {Johnson}, B.~D.},
    title = "{Mesa Isochrones and Stellar Tracks (MIST). I. Solar-scaled Models}",
  journal = {\apj},
archivePrefix = "arXiv",
   eprint = {1604.08592},
 primaryClass = "astro-ph.SR",
 keywords = {stars: evolution, stars: general, stars: interiors},
     year = 2016,
    month = jun,
   volume = 823,
      eid = {102},
    pages = {102},
      doi = {10.3847/0004-637X/823/2/102},
   adsurl = {http://adsabs.harvard.edu/abs/2016ApJ...823..102C},
  adsnote = {Provided by the SAO/NASA Astrophysics Data System}
}

@ARTICLE{Luo+2016,
   author = {{Luo}, R. and {Hao}, L. and {Blanc}, G.~A. and {Jogee}, S. and 
	{van den Bosch}, R.~C.~E. and {Weinzirl}, T.},
    title = "{The VIRUS-P Exploration of Nearby Galaxies (VENGA): Radial Gas Inflow and Shock Excitation in NGC 1042}",
  journal = {\apj},
archivePrefix = "arXiv",
   eprint = {1603.07928},
 keywords = {galaxies: active, galaxies: individual: NGC 1042, galaxies: ISM, galaxies: kinematics and dynamics, galaxies: nuclei, ISM: kinematics and dynamics},
     year = 2016,
    month = jun,
   volume = 823,
      eid = {85},
    pages = {85},
      doi = {10.3847/0004-637X/823/2/85},
   adsurl = {http://adsabs.harvard.edu/abs/2016ApJ...823...85L},
  adsnote = {Provided by the SAO/NASA Astrophysics Data System}
}

@ARTICLE{Feltre+2016,
   author = {{Feltre}, A. and {Charlot}, S. and {Gutkin}, J.},
    title = "{Nuclear activity versus star formation: emission-line diagnostics at ultraviolet and optical wavelengths}",
  journal = {\mnras},
archivePrefix = "arXiv",
   eprint = {1511.08217},
 keywords = {galaxies: active, galaxies: high-redshift, quasars: emission lines, galaxies: star formation, ultraviolet: galaxies},
     year = 2016,
    month = mar,
   volume = 456,
    pages = {3354-3374},
      doi = {10.1093/mnras/stv2794},
   adsurl = {http://adsabs.harvard.edu/abs/2016MNRAS.456.3354F},
  adsnote = {Provided by the SAO/NASA Astrophysics Data System}
}

@ARTICLE{Stanway+2016,
   author = {{Stanway}, E.~R. and {Eldridge}, J.~J. and {Becker}, G.~D.},
    title = "{Stellar population effects on the inferred photon density at reionization}",
  journal = {\mnras},
archivePrefix = "arXiv",
   eprint = {1511.03268},
 keywords = {binaries: general, stars: evolution, galaxies: high-redshift},
     year = 2016,
    month = feb,
   volume = 456,
    pages = {485-499},
      doi = {10.1093/mnras/stv2661},
   adsurl = {http://adsabs.harvard.edu/abs/2016MNRAS.456..485S},
  adsnote = {Provided by the SAO/NASA Astrophysics Data System}
}

@ARTICLE{Dotter+2016,
   author = {{Dotter}, A.},
    title = "{MESA Isochrones and Stellar Tracks (MIST) 0: Methods for the Construction of Stellar Isochrones}",
  journal = {\apjs},
archivePrefix = "arXiv",
   eprint = {1601.05144},
 primaryClass = "astro-ph.SR",
 keywords = {methods: numerical, stars: evolution},
     year = 2016,
    month = jan,
   volume = 222,
      eid = {8},
    pages = {8},
      doi = {10.3847/0067-0049/222/1/8},
   adsurl = {http://adsabs.harvard.edu/abs/2016ApJS..222....8D},
  adsnote = {Provided by the SAO/NASA Astrophysics Data System}
}

@ARTICLE{Paxton+2015,
   author = {{Paxton}, B. and {Marchant}, P. and {Schwab}, J. and {Bauer}, E.~B. and 
	{Bildsten}, L. and {Cantiello}, M. and {Dessart}, L. and {Farmer}, R. and 
	{Hu}, H. and {Langer}, N. and {Townsend}, R.~H.~D. and {Townsley}, D.~M. and 
	{Timmes}, F.~X.},
    title = "{Modules for Experiments in Stellar Astrophysics (MESA): Binaries, Pulsations, and Explosions}",
  journal = {\apjs},
archivePrefix = "arXiv",
   eprint = {1506.03146},
 primaryClass = "astro-ph.SR",
 keywords = {binaries: general, methods: numerical, nuclear reactions, nucleosynthesis, abundances, shock waves, stars: evolution, stars: oscillations},
     year = 2015,
    month = sep,
   volume = 220,
      eid = {15},
    pages = {15},
      doi = {10.1088/0067-0049/220/1/15},
   adsurl = {http://adsabs.harvard.edu/abs/2015ApJS..220...15P},
  adsnote = {Provided by the SAO/NASA Astrophysics Data System}
}

@ARTICLE{James+2015,
   author = {{James}, P.~A. and {Percival}, S.~M.},
    title = "{Discovery of kpc-scale line emission in barred galaxies, not linked to AGN or star formation.}",
  journal = {\mnras},
archivePrefix = "arXiv",
   eprint = {1504.04013},
 keywords = {galaxies: active, galaxies: spiral, galaxies: stellar content, galaxies: structure},
     year = 2015,
    month = jul,
   volume = 450,
    pages = {3503-3513},
      doi = {10.1093/mnras/stv846},
   adsurl = {http://adsabs.harvard.edu/abs/2015MNRAS.450.3503J},
  adsnote = {Provided by the SAO/NASA Astrophysics Data System}
}

@ARTICLE{Smith+2014,
   author = {{Smith}, N.},
    title = "{Mass Loss: Its Effect on the Evolution and Fate of High-Mass Stars}",
  journal = {\araa},
archivePrefix = "arXiv",
   eprint = {1402.1237},
 primaryClass = "astro-ph.SR",
     year = 2014,
    month = aug,
   volume = 52,
    pages = {487-528},
      doi = {10.1146/annurev-astro-081913-040025},
   adsurl = {http://adsabs.harvard.edu/abs/2014ARA%26A..52..487S},
  adsnote = {Provided by the SAO/NASA Astrophysics Data System}
}

@ARTICLE{Woods+2014,
   author = {{Woods}, T.~E. and {Gilfanov}, M.},
    title = "{Emission-line diagnostics to constrain high-temperature populations in early-type galaxies}",
  journal = {\mnras},
archivePrefix = "arXiv",
   eprint = {1311.1693},
 primaryClass = "astro-ph.SR",
 keywords = {stars: AGB and post-AGB, supernovae: general, white dwarfs, galaxies: elliptical and lenticular, cD, galaxies: ISM, X-rays: binaries},
     year = 2014,
    month = apr,
   volume = 439,
    pages = {2351-2363},
      doi = {10.1093/mnras/stu072},
   adsurl = {http://adsabs.harvard.edu/abs/2014MNRAS.439.2351W},
  adsnote = {Provided by the SAO/NASA Astrophysics Data System}
}

@ARTICLE{Singh+2013,
   author = {{Singh}, R. and {van de Ven}, G. and {Jahnke}, K. and {Lyubenova}, M. and 
	{Falc{\'o}n-Barroso}, J. and {Alves}, J. and {Cid Fernandes}, R. and 
	{Galbany}, L. and {Garc{\'{\i}}a-Benito}, R. and {Husemann}, B. and 
	{Kennicutt}, R.~C. and {Marino}, R.~A. and {M{\'a}rquez}, I. and 
	{Masegosa}, J. and {Mast}, D. and {Pasquali}, A. and {S{\'a}nchez}, S.~F. and 
	{Walcher}, J. and {Wild}, V. and {Wisotzki}, L. and {Ziegler}, B.
	},
    title = "{The nature of LINER galaxies:. Ubiquitous hot old stars and rare accreting black holes}",
  journal = {\aap},
archivePrefix = "arXiv",
   eprint = {1308.4271},
 primaryClass = "astro-ph.GA",
 keywords = {galaxies: active, galaxies: ISM, galaxies: nuclei, stars: AGB and post-AGB},
     year = 2013,
    month = oct,
   volume = 558,
      eid = {A43},
    pages = {A43},
      doi = {10.1051/0004-6361/201322062},
   adsurl = {http://adsabs.harvard.edu/abs/2013A%26A...558A..43S},
  adsnote = {Provided by the SAO/NASA Astrophysics Data System}
}

@ARTICLE{Dopita+2013,
   author = {{Dopita}, M.~A. and {Sutherland}, R.~S. and {Nicholls}, D.~C. and 
	{Kewley}, L.~J. and {Vogt}, F.~P.~A.},
    title = "{New Strong-line Abundance Diagnostics for H II Regions: Effects of {$\kappa$}-distributed Electron Energies and New Atomic Data}",
  journal = {\apjs},
archivePrefix = "arXiv",
   eprint = {1307.5950},
 keywords = {atomic data, atomic processes, H II regions, ISM: abundances, plasmas },
     year = 2013,
    month = sep,
   volume = 208,
      eid = {10},
    pages = {10},
      doi = {10.1088/0067-0049/208/1/10},
   adsurl = {http://adsabs.harvard.edu/abs/2013ApJS..208...10D},
  adsnote = {Provided by the SAO/NASA Astrophysics Data System}
}

@ARTICLE{Paxton+2013,
   author = {{Paxton}, B. and {Cantiello}, M. and {Arras}, P. and {Bildsten}, L. and 
	{Brown}, E.~F. and {Dotter}, A. and {Mankovich}, C. and {Montgomery}, M.~H. and 
	{Stello}, D. and {Timmes}, F.~X. and {Townsend}, R.},
    title = "{Modules for Experiments in Stellar Astrophysics (MESA): Planets, Oscillations, Rotation, and Massive Stars}",
  journal = {\apjs},
archivePrefix = "arXiv",
   eprint = {1301.0319},
 primaryClass = "astro-ph.SR",
 keywords = {asteroseismology, methods: numerical, planets and satellites: physical evolution, stars: evolution, stars: massive, stars: rotation},
     year = 2013,
    month = sep,
   volume = 208,
      eid = {4},
    pages = {4},
      doi = {10.1088/0067-0049/208/1/4},
   adsurl = {http://adsabs.harvard.edu/abs/2013ApJS..208....4P},
  adsnote = {Provided by the SAO/NASA Astrophysics Data System}
}

@ARTICLE{Conroy+2013,
   author = {{Conroy}, C.},
    title = "{Modeling the Panchromatic Spectral Energy Distributions of Galaxies}",
  journal = {\araa},
archivePrefix = "arXiv",
   eprint = {1301.7095},
     year = 2013,
    month = aug,
   volume = 51,
    pages = {393-455},
      doi = {10.1146/annurev-astro-082812-141017},
   adsurl = {http://adsabs.harvard.edu/abs/2013ARA%26A..51..393C},
  adsnote = {Provided by the SAO/NASA Astrophysics Data System}
}

@ARTICLE{Brinchmann+2013,
   author = {{Brinchmann}, J. and {Charlot}, S. and {Kauffmann}, G. and {Heckman}, T. and 
	{White}, S.~D.~M. and {Tremonti}, C.},
    title = "{Estimating gas masses and dust-to-gas ratios from optical spectroscopy}",
  journal = {\mnras},
archivePrefix = "arXiv",
   eprint = {1304.3492},
 keywords = {galaxies: evolution, galaxies: fundamental parameters, galaxies: ISM},
     year = 2013,
    month = jul,
   volume = 432,
    pages = {2112-2140},
      doi = {10.1093/mnras/stt551},
   adsurl = {http://adsabs.harvard.edu/abs/2013MNRAS.432.2112B},
  adsnote = {Provided by the SAO/NASA Astrophysics Data System}
}

@ARTICLE{Yeh+2013,
   author = {{Yeh}, S.~C.~C. and {Verdolini}, S. and {Krumholz}, M.~R. and 
	{Matzner}, C.~D. and {Tielens}, A.~G.~G.~M.},
    title = "{Line Emission from Radiation-pressurized H II Regions. I. Internal Structure and Line Ratios}",
  journal = {\apj},
archivePrefix = "arXiv",
   eprint = {1303.4742},
 keywords = {galaxies: high-redshift, galaxies: ISM, H II regions, ISM: bubbles, ISM: lines and bands },
     year = 2013,
    month = may,
   volume = 769,
      eid = {11},
    pages = {11},
      doi = {10.1088/0004-637X/769/1/11},
   adsurl = {http://adsabs.harvard.edu/abs/2013ApJ...769...11Y},
  adsnote = {Provided by the SAO/NASA Astrophysics Data System}
}

@ARTICLE{Georgy+2013,
   author = {{Georgy}, C. and {Ekstr{\"o}m}, S. and {Granada}, A. and {Meynet}, G. and 
	{Mowlavi}, N. and {Eggenberger}, P. and {Maeder}, A.},
    title = "{Populations of rotating stars. I. Models from 1.7 to 15 M$_{⊙}$ at Z = 0.014, 0.006, and 0.002 with {$\Omega$}/{$\Omega$}$_{crit}$ between 0 and 1}",
  journal = {\aap},
archivePrefix = "arXiv",
   eprint = {1303.2321},
 primaryClass = "astro-ph.SR",
 keywords = {stars: general, stars: evolution, stars: rotation, stars: emission-line, Be, stars: mass-loss},
     year = 2013,
    month = may,
   volume = 553,
      eid = {A24},
    pages = {A24},
      doi = {10.1051/0004-6361/201220558},
   adsurl = {http://adsabs.harvard.edu/abs/2013A%26A...553A..24G},
  adsnote = {Provided by the SAO/NASA Astrophysics Data System}
}

@ARTICLE{Kormendy+2013,
   author = {{Kormendy}, J. and {Ho}, L.~C.},
    title = "{Coevolution (Or Not) of Supermassive Black Holes and Host Galaxies}",
  journal = {\araa},
archivePrefix = "arXiv",
   eprint = {1304.7762},
     year = 2013,
    month = aug,
   volume = 51,
    pages = {511-653},
      doi = {10.1146/annurev-astro-082708-101811},
   adsurl = {http://adsabs.harvard.edu/abs/2013ARA%26A..51..511K},
  adsnote = {Provided by the SAO/NASA Astrophysics Data System}
}

@ARTICLE{Papaderos+2013,
   author = {{Papaderos}, P. and {Gomes}, J.~M. and {V{\'{\i}}lchez}, J.~M. and 
	{Kehrig}, C. and {Lehnert}, M.~D. and {Ziegler}, B. and {S{\'a}nchez}, S.~F. and 
	{Husemann}, B. and {Monreal-Ibero}, A. and {Garc{\'{\i}}a-Benito}, R. and 
	{Bland-Hawthorn}, J. and {Cortijo-Ferrero}, C. and {de Lorenzo-C{\'a}ceres}, A. and 
	{del Olmo}, A. and {Falc{\'o}n-Barroso}, J. and {Galbany}, L. and 
	{Iglesias-P{\'a}ramo}, J. and {L{\'o}pez-S{\'a}nchez}, {\'A}.~R. and 
	{Marquez}, I. and {Moll{\'a}}, M. and {Mast}, D. and {van de Ven}, G. and 
	{Wisotzki}, L.},
    title = "{Nebular emission and the Lyman continuum photon escape fraction in CALIFA early-type galaxies}",
  journal = {\aap},
archivePrefix = "arXiv",
   eprint = {1306.2338},
 keywords = {galaxies: elliptical and lenticular, cD, galaxies: nuclei, galaxies: ISM},
     year = 2013,
    month = jul,
   volume = 555,
      eid = {L1},
    pages = {L1},
      doi = {10.1051/0004-6361/201321681},
   adsurl = {http://adsabs.harvard.edu/abs/2013A%26A...555L...1P},
  adsnote = {Provided by the SAO/NASA Astrophysics Data System}
}


@ARTICLE{Ferland+2013,
   author = {{Ferland}, G.~J. and {Porter}, R.~L. and {van Hoof}, P.~A.~M. and 
	{Williams}, R.~J.~R. and {Abel}, N.~P. and {Lykins}, M.~L. and 
	{Shaw}, G. and {Henney}, W.~J. and {Stancil}, P.~C.},
    title = "{The 2013 Release of Cloudy}",
  journal = {\rmxaa},
archivePrefix = "arXiv",
   eprint = {1302.4485},
 primaryClass = "astro-ph.GA",
 keywords = {atomic processes, galaxies: active, methods: numerical, molecular processes, radiation mechanisms: general},
     year = 2013,
    month = apr,
   volume = 49,
    pages = {137-163},
   adsurl = {http://adsabs.harvard.edu/abs/2013RMxAA..49..137F},
  adsnote = {Provided by the SAO/NASA Astrophysics Data System}
}

@ARTICLE{Kehrig+2012,
   author = {{Kehrig}, C. and {Monreal-Ibero}, A. and {Papaderos}, P. and 
	{V{\'{\i}}lchez}, J.~M. and {Gomes}, J.~M. and {Masegosa}, J. and 
	{S{\'a}nchez}, S.~F. and {Lehnert}, M.~D. and {Cid Fernandes}, R. and 
	{Bland-Hawthorn}, J. and {Bomans}, D.~J. and {Marquez}, I. and 
	{Mast}, D. and {Aguerri}, J.~A.~L. and {L{\'o}pez-S{\'a}nchez}, {\'A}.~R. and 
	{Marino}, R.~A. and {Pasquali}, A. and {Perez}, I. and {Roth}, M.~M. and 
	{S{\'a}nchez-Bl{\'a}zquez}, P. and {Ziegler}, B.},
    title = "{The ionized gas in the CALIFA early-type galaxies. I. Mapping two representative cases: NGC 6762 and NGC 5966}",
  journal = {\aap},
archivePrefix = "arXiv",
   eprint = {1202.0511},
 keywords = {galaxies: ISM, galaxies: elliptical and lenticular, cD, galaxies: individual: NGC 6762, galaxies: individual: NGC 5966},
     year = 2012,
    month = apr,
   volume = 540,
      eid = {A11},
    pages = {A11},
      doi = {10.1051/0004-6361/201118357},
   adsurl = {http://adsabs.harvard.edu/abs/2012A%26A...540A..11K},
  adsnote = {Provided by the SAO/NASA Astrophysics Data System}
}


@ARTICLE{Bressan+2012,
   author = {{Bressan}, A. and {Marigo}, P. and {Girardi}, L. and {Salasnich}, B. and 
	{Dal Cero}, C. and {Rubele}, S. and {Nanni}, A.},
    title = "{PARSEC: stellar tracks and isochrones with the PAdova and TRieste Stellar Evolution Code}",
  journal = {\mnras},
archivePrefix = "arXiv",
   eprint = {1208.4498},
 primaryClass = "astro-ph.SR",
 keywords = {stars: evolution, Hertzsprung{\dash}Russell and colour magnitude diagrams, stars: interiors, stars: low-mass},
     year = 2012,
    month = nov,
   volume = 427,
    pages = {127-145},
      doi = {10.1111/j.1365-2966.2012.21948.x},
   adsurl = {http://adsabs.harvard.edu/abs/2012MNRAS.427..127B},
  adsnote = {Provided by the SAO/NASA Astrophysics Data System}
}

@ARTICLE{Eldridge+2012,
   author = {{Eldridge}, J.~J.},
    title = "{Stochasticity, a variable stellar upper mass limit, binaries and star formation rate indicators}",
  journal = {\mnras},
archivePrefix = "arXiv",
   eprint = {1106.4311},
 primaryClass = "astro-ph.SR",
 keywords = {binaries: general, H II regions, galaxies: star clusters: general, galaxies: stellar content},
     year = 2012,
    month = may,
   volume = 422,
    pages = {794-803},
      doi = {10.1111/j.1365-2966.2012.20662.x},
   adsurl = {http://adsabs.harvard.edu/abs/2012MNRAS.422..794E},
  adsnote = {Provided by the SAO/NASA Astrophysics Data System}
}

@ARTICLE{Levesque+2012,
   author = {{Levesque}, E.~M. and {Leitherer}, C. and {Ekstrom}, S. and 
	{Meynet}, G. and {Schaerer}, D.},
    title = "{The Effects of Stellar Rotation. I. Impact on the Ionizing Spectra and Integrated Properties of Stellar Populations}",
  journal = {\apj},
archivePrefix = "arXiv",
   eprint = {1203.5109},
 primaryClass = "astro-ph.SR",
 keywords = {galaxies: stellar content, stars: evolution, stars: rotation},
     year = 2012,
    month = may,
   volume = 751,
      eid = {67},
    pages = {67},
      doi = {10.1088/0004-637X/751/1/67},
   adsurl = {http://adsabs.harvard.edu/abs/2012ApJ...751...67L},
  adsnote = {Provided by the SAO/NASA Astrophysics Data System}
}

@ARTICLE{Yan+2012,
   author = {{Yan}, R. and {Blanton}, M.~R.},
    title = "{The Nature of LINER-like Emission in Red Galaxies}",
  journal = {\apj},
archivePrefix = "arXiv",
   eprint = {1109.1280},
 keywords = {galaxies: active, galaxies: elliptical and lenticular, cD, galaxies: ISM, ISM: kinematics and dynamics, stars: AGB and post-AGB},
     year = 2012,
    month = mar,
   volume = 747,
      eid = {61},
    pages = {61},
      doi = {10.1088/0004-637X/747/1/61},
   adsurl = {http://adsabs.harvard.edu/abs/2012ApJ...747...61Y},
  adsnote = {Provided by the SAO/NASA Astrophysics Data System}
}

@ARTICLE{Ekstrom+2012,
   author = {{Ekstr{\"o}m}, S. and {Georgy}, C. and {Eggenberger}, P. and 
	{Meynet}, G. and {Mowlavi}, N. and {Wyttenbach}, A. and {Granada}, A. and 
	{Decressin}, T. and {Hirschi}, R. and {Frischknecht}, U. and 
	{Charbonnel}, C. and {Maeder}, A.},
    title = "{Grids of stellar models with rotation. I. Models from 0.8 to 120 M$_{⊙}$ at solar metallicity (Z = 0.014)}",
  journal = {\aap},
archivePrefix = "arXiv",
   eprint = {1110.5049},
 primaryClass = "astro-ph.SR",
 keywords = {stars: general, stars: evolution, stars: massive, stars: low-mass, stars: rotation},
     year = 2012,
    month = jan,
   volume = 537,
      eid = {A146},
    pages = {A146},
      doi = {10.1051/0004-6361/201117751},
   adsurl = {http://adsabs.harvard.edu/abs/2012A%26A...537A.146E},
  adsnote = {Provided by the SAO/NASA Astrophysics Data System}
}

@ARTICLE{Paxton+2011,
   author = {{Paxton}, B. and {Bildsten}, L. and {Dotter}, A. and {Herwig}, F. and 
	{Lesaffre}, P. and {Timmes}, F.},
    title = "{Modules for Experiments in Stellar Astrophysics (MESA)}",
  journal = {\apjs},
archivePrefix = "arXiv",
   eprint = {1009.1622},
 primaryClass = "astro-ph.SR",
 keywords = {methods: numerical, stars: evolution, stars: general},
     year = 2011,
    month = jan,
   volume = 192,
      eid = {3},
    pages = {3},
      doi = {10.1088/0067-0049/192/1/3},
   adsurl = {http://adsabs.harvard.edu/abs/2011ApJS..192....3P},
  adsnote = {Provided by the SAO/NASA Astrophysics Data System}
}

@ARTICLE{Walcher+2011,
   author = {{Walcher}, J. and {Groves}, B. and {Budav{\'a}ri}, T. and {Dale}, D.
	},
    title = "{Fitting the integrated spectral energy distributions of galaxies}",
  journal = {\apss},
archivePrefix = "arXiv",
   eprint = {1008.0395},
 keywords = {Methods: data analysis, Radiation mechanisms: general, Techniques: photometric, Techniques: spectroscopic, Galaxies: ISM, Galaxies: stellar content},
     year = 2011,
    month = jan,
   volume = 331,
    pages = {1-52},
      doi = {10.1007/s10509-010-0458-z},
   adsurl = {http://adsabs.harvard.edu/abs/2011Ap%26SS.331....1W},
  adsnote = {Provided by the SAO/NASA Astrophysics Data System}
}

@BOOK{Draine+2011,
   author = {{Draine}, B.~T.},
    title = "{Physics of the Interstellar and Intergalactic Medium}",
booktitle = {Physics of the Interstellar and Intergalactic Medium by Bruce T.~Draine.~Princeton University Press, 2011.~ISBN: 978-0-691-12214-4},
     year = 2011,
   adsurl = {http://adsabs.harvard.edu/abs/2011piim.book.....D},
  adsnote = {Provided by the SAO/NASA Astrophysics Data System}
}

@ARTICLE{Huang+2010,
   author = {{Huang}, W. and {Gies}, D.~R. and {McSwain}, M.~V.},
    title = "{A Stellar Rotation Census of B Stars: From ZAMS to TAMS}",
  journal = {\apj},
archivePrefix = "arXiv",
   eprint = {1008.1761},
 primaryClass = "astro-ph.SR",
 keywords = {line: profiles, open clusters and associations: individual: IC 4996 NGC 581 NGC 869 NGC 884 NGC 1893 NGC 1960, stars: early-type, stars: fundamental parameters, stars: rotation},
     year = 2010,
    month = oct,
   volume = 722,
    pages = {605-619},
      doi = {10.1088/0004-637X/722/1/605},
   adsurl = {http://adsabs.harvard.edu/abs/2010ApJ...722..605H},
  adsnote = {Provided by the SAO/NASA Astrophysics Data System}
}

@ARTICLE{Grevesse+2010,
   author = {{Grevesse}, N. and {Asplund}, M. and {Sauval}, A.~J. and {Scott}, P.
	},
    title = "{The chemical composition of the Sun}",
  journal = {\apss},
 keywords = {Solar abundances},
     year = 2010,
    month = jul,
   volume = 328,
    pages = {179-183},
      doi = {10.1007/s10509-010-0288-z},
   adsurl = {http://adsabs.harvard.edu/abs/2010Ap%26SS.328..179G},
  adsnote = {Provided by the SAO/NASA Astrophysics Data System}
}

@ARTICLE{Sarzi+2010,
   author = {{Sarzi}, M. and {Shields}, J.~C. and {Schawinski}, K. and {Jeong}, H. and 
	{Shapiro}, K. and {Bacon}, R. and {Bureau}, M. and {Cappellari}, M. and 
	{Davies}, R.~L. and {de Zeeuw}, P.~T. and {Emsellem}, E. and 
	{Falc{\'o}n-Barroso}, J. and {Krajnovi{\'c}}, D. and {Kuntschner}, H. and 
	{McDermid}, R.~M. and {Peletier}, R.~F. and {van den Bosch}, R.~C.~E. and 
	{van de Ven}, G. and {Yi}, S.~K.},
    title = "{The SAURON project - XVI. On the sources of ionization for the gas in elliptical and lenticular galaxies}",
  journal = {\mnras},
archivePrefix = "arXiv",
   eprint = {0912.0275},
 keywords = {galaxies: active, galaxies: elliptical and lenticular, cD, galaxies: ISM},
     year = 2010,
    month = mar,
   volume = 402,
    pages = {2187-2210},
      doi = {10.1111/j.1365-2966.2009.16039.x},
   adsurl = {http://adsabs.harvard.edu/abs/2010MNRAS.402.2187S},
  adsnote = {Provided by the SAO/NASA Astrophysics Data System}
}

@ARTICLE{Levesque+2010,
   author = {{Levesque}, E.~M. and {Kewley}, L.~J. and {Larson}, K.~L.},
    title = "{Theoretical Modeling of Star-Forming Galaxies. I. Emission-Line Diagnostic Grids for Local and Low-Metallicity Galaxies}",
  journal = {\aj},
archivePrefix = "arXiv",
   eprint = {0908.0460},
 keywords = {galaxies: ISM, galaxies: starburst},
     year = 2010,
    month = feb,
   volume = 139,
    pages = {712-727},
      doi = {10.1088/0004-6256/139/2/712},
   adsurl = {http://adsabs.harvard.edu/abs/2010AJ....139..712L},
  adsnote = {Provided by the SAO/NASA Astrophysics Data System}
}

@ARTICLE{Eldridge+2009,
   author = {{Eldridge}, J.~J. and {Stanway}, E.~R.},
    title = "{Spectral population synthesis including massive binaries}",
  journal = {\mnras},
archivePrefix = "arXiv",
   eprint = {0908.1386},
 keywords = {binaries: general , stars: evolution , stars: Wolf-Rayet , galaxies: starburst , galaxies: star clusters , galaxies: stellar content},
     year = 2009,
    month = dec,
   volume = 400,
    pages = {1019-1028},
      doi = {10.1111/j.1365-2966.2009.15514.x},
   adsurl = {http://adsabs.harvard.edu/abs/2009MNRAS.400.1019E},
  adsnote = {Provided by the SAO/NASA Astrophysics Data System}
}

@ARTICLE{Lee+2009,
   author = {{Lee}, J.~C. and {Gil de Paz}, A. and {Tremonti}, C. and {Kennicutt}, Jr., R.~C. and 
	{Salim}, S. and {Bothwell}, M. and {Calzetti}, D. and {Dalcanton}, J. and 
	{Dale}, D. and {Engelbracht}, C. and {Funes}, S.~J.~J.~G. and 
	{Johnson}, B. and {Sakai}, S. and {Skillman}, E. and {van Zee}, L. and 
	{Walter}, F. and {Weisz}, D.},
    title = "{Comparison of H{$\alpha$} and UV Star Formation Rates in the Local Volume: Systematic Discrepancies for Dwarf Galaxies}",
  journal = {\apj},
archivePrefix = "arXiv",
   eprint = {0909.5205},
 primaryClass = "astro-ph.CO",
 keywords = {galaxies: dwarf, galaxies: evolution, galaxies: photometry, stars: formation, surveys, ultraviolet: galaxies},
     year = 2009,
    month = nov,
   volume = 706,
      eid = {599-613},
    pages = {599-613},
      doi = {10.1088/0004-637X/706/1/599},
   adsurl = {http://adsabs.harvard.edu/abs/2009ApJ...706..599L},
  adsnote = {Provided by the SAO/NASA Astrophysics Data System}
}

@ARTICLE{Asplund+2009,
   author = {{Asplund}, M. and {Grevesse}, N. and {Sauval}, A.~J. and {Scott}, P.
	},
    title = "{The Chemical Composition of the Sun}",
  journal = {\araa},
archivePrefix = "arXiv",
   eprint = {0909.0948},
 primaryClass = "astro-ph.SR",
     year = 2009,
    month = sep,
   volume = 47,
    pages = {481-522},
      doi = {10.1146/annurev.astro.46.060407.145222},
   adsurl = {http://adsabs.harvard.edu/abs/2009ARA%26A..47..481A},
  adsnote = {Provided by the SAO/NASA Astrophysics Data System}
}

@ARTICLE{Conroy+2009,
   author = {{Conroy}, C. and {Gunn}, J.~E. and {White}, M.},
    title = "{The Propagation of Uncertainties in Stellar Population Synthesis Modeling. I. The Relevance of Uncertain Aspects of Stellar Evolution and the Initial Mass Function to the Derived Physical Properties of Galaxies}",
  journal = {\apj},
archivePrefix = "arXiv",
   eprint = {0809.4261},
 keywords = {galaxies: evolution, galaxies: stellar content, stars: evolution},
     year = 2009,
    month = jul,
   volume = 699,
    pages = {486-506},
      doi = {10.1088/0004-637X/699/1/486},
   adsurl = {http://adsabs.harvard.edu/abs/2009ApJ...699..486C},
  adsnote = {Provided by the SAO/NASA Astrophysics Data System}
}

@ARTICLE{Trager+2008,
   author = {{Trager}, S.~C. and {Faber}, S.~M. and {Dressler}, A.},
    title = "{The stellar population histories of early-type galaxies - III. The Coma cluster}",
  journal = {\mnras},
archivePrefix = "arXiv",
   eprint = {0803.0464},
 keywords = {galaxies: clusters: individual: Coma (= Abell 1656) , galaxies: elliptical and lenticular, cD , galaxies: evolution , galaxies: stellar content},
     year = 2008,
    month = may,
   volume = 386,
    pages = {715-747},
      doi = {10.1111/j.1365-2966.2008.13132.x},
   adsurl = {http://adsabs.harvard.edu/abs/2008MNRAS.386..715T},
  adsnote = {Provided by the SAO/NASA Astrophysics Data System}
}


@ARTICLE{Brown+2008,
   author = {{Brown}, T.~M. and {Smith}, E. and {Ferguson}, H.~C. and {Sweigart}, A.~V. and 
	{Kimble}, R.~A. and {Bowers}, C.~W.},
    title = "{The Dearth of UV-Bright Stars in M32: Implications for Stellar Evolution Theory}",
  journal = {\apj},
archivePrefix = "arXiv",
   eprint = {0804.3376},
 keywords = {galaxies: evolution, galaxies: individual: M32, galaxies: stellar content, stars: evolution, stars: horizontal-branch },
     year = 2008,
    month = jul,
   volume = 682,
      eid = {319-335},
    pages = {319-335},
      doi = {10.1086/589611},
   adsurl = {http://adsabs.harvard.edu/abs/2008ApJ...682..319B},
  adsnote = {Provided by the SAO/NASA Astrophysics Data System}
}

@ARTICLE{Ho+2008,
   author = {{Ho}, L.~C.},
    title = "{Nuclear Activity in Nearby Galaxies}",
  journal = {\araa},
archivePrefix = "arXiv",
   eprint = {0803.2268},
     year = 2008,
    month = sep,
   volume = 46,
    pages = {475-539},
      doi = {10.1146/annurev.astro.45.051806.110546},
   adsurl = {http://adsabs.harvard.edu/abs/2008ARA%26A..46..475H},
  adsnote = {Provided by the SAO/NASA Astrophysics Data System}
}

@ARTICLE{Marigo+2008,
   author = {{Marigo}, P. and {Girardi}, L. and {Bressan}, A. and {Groenewegen}, M.~A.~T. and 
	{Silva}, L. and {Granato}, G.~L.},
    title = "{Evolution of asymptotic giant branch stars. II. Optical to far-infrared isochrones with improved TP-AGB models}",
  journal = {\aap},
archivePrefix = "arXiv",
   eprint = {0711.4922},
 keywords = {astronomical data bases: miscellaneous, stars: AGB and post-AGB, stars: carbon, stars: evolution, galaxies: Magellanic Clouds, stars: Hertzsprung-Russell (HR) and C-M diagrams},
     year = 2008,
    month = may,
   volume = 482,
    pages = {883-905},
      doi = {10.1051/0004-6361:20078467},
   adsurl = {http://adsabs.harvard.edu/abs/2008A%26A...482..883M},
  adsnote = {Provided by the SAO/NASA Astrophysics Data System}
}

@ARTICLE{Stasinska+2008,
   author = {{Stasi{\'n}ska}, G. and {Vale Asari}, N. and {Cid Fernandes}, R. and 
	{Gomes}, J.~M. and {Schlickmann}, M. and {Mateus}, A. and {Schoenell}, W. and 
	{Sodr{\'e}}, Jr., L. and {Seagal Collaboration}},
    title = "{Can retired galaxies mimic active galaxies? Clues from the Sloan Digital Sky Survey}",
  journal = {\mnras},
archivePrefix = "arXiv",
   eprint = {0809.1341},
 keywords = {stars: AGB and post-AGB, galaxies: active, galaxies: general},
     year = 2008,
    month = nov,
   volume = 391,
    pages = {L29-L33},
      doi = {10.1111/j.1745-3933.2008.00550.x},
   adsurl = {http://adsabs.harvard.edu/abs/2008MNRAS.391L..29S},
  adsnote = {Provided by the SAO/NASA Astrophysics Data System}
}

@ARTICLE{Cordier+2007,
   author = {{Cordier}, D. and {Pietrinferni}, A. and {Cassisi}, S. and {Salaris}, M.
	},
    title = "{A Large Stellar Evolution Database for Population Synthesis Studies. III. Inclusion of the Full Asymptotic Giant Branch Phase and Web Tools for Stellar Population Analyses}",
  journal = {\aj},
   eprint = {astro-ph/0612669},
 keywords = {astronomical data bases: miscellaneous, galaxies: stellar content, stars: AGB and post-AGB, stars: general},
     year = 2007,
    month = feb,
   volume = 133,
    pages = {468-478},
      doi = {10.1086/509870},
   adsurl = {http://adsabs.harvard.edu/abs/2007AJ....133..468C},
  adsnote = {Provided by the SAO/NASA Astrophysics Data System}
}

@ARTICLE{Graves+2007,
   author = {{Graves}, G.~J. and {Faber}, S.~M. and {Schiavon}, R.~P. and 
	{Yan}, R.},
    title = "{Ages and Abundances of Red Sequence Galaxies as a Function of LINER Emission-Line Strength}",
  journal = {\apj},
archivePrefix = "arXiv",
   eprint = {0707.1523},
 keywords = {Galaxies: Abundances, Galaxies: Elliptical and Lenticular, cD},
     year = 2007,
    month = dec,
   volume = 671,
    pages = {243-271},
      doi = {10.1086/522325},
   adsurl = {http://adsabs.harvard.edu/abs/2007ApJ...671..243G},
  adsnote = {Provided by the SAO/NASA Astrophysics Data System}
}

@ARTICLE{Yin+2007,
   author = {{Yin}, S.~Y. and {Liang}, Y.~C. and {Hammer}, F. and {Brinchmann}, J. and 
	{Zhang}, B. and {Deng}, L.~C. and {Flores}, H.},
    title = "{Empirical strong-line oxygen abundance calibrations from galaxies with electron-temperature measurements}",
  journal = {\aap},
   eprint = {astro-ph/0610068},
 keywords = {galaxies: abundances, galaxies: evolution, galaxies: ISM, galaxies: spiral, galaxies: starburst, galaxies: stellar content},
     year = 2007,
    month = feb,
   volume = 462,
    pages = {535-546},
      doi = {10.1051/0004-6361:20065798},
   adsurl = {http://adsabs.harvard.edu/abs/2007A%26A...462..535Y},
  adsnote = {Provided by the SAO/NASA Astrophysics Data System}
}

@ARTICLE{Dopita+2006,
   author = {{Dopita}, M.~A. and {Fischera}, J. and {Sutherland}, R.~S. and 
	{Kewley}, L.~J. and {Leitherer}, C. and {Tuffs}, R.~J. and {Popescu}, C.~C. and 
	{van Breugel}, W. and {Groves}, B.~A.},
    title = "{Modeling the Pan-Spectral Energy Distribution of Starburst Galaxies. III. Emission Line Diagnostics of Ensembles of Evolving H II Regions}",
  journal = {\apjs},
   eprint = {astro-ph/0608062},
 keywords = {Galaxies: Abundances, Galaxies: Formation, Galaxies: General, Galaxies: Starburst, ISM: Abundances, ISM: H II Regions},
     year = 2006,
    month = dec,
   volume = 167,
    pages = {177-200},
      doi = {10.1086/508261},
   adsurl = {http://adsabs.harvard.edu/abs/2006ApJS..167..177D},
  adsnote = {Provided by the SAO/NASA Astrophysics Data System}
}

@ARTICLE{Kewley+2006,
   author = {{Kewley}, L.~J. and {Groves}, B. and {Kauffmann}, G. and {Heckman}, T.
	},
    title = "{The host galaxies and classification of active galactic nuclei}",
  journal = {\mnras},
   eprint = {astro-ph/0605681},
 keywords = {galaxies: active, galaxies: Seyfert, galaxies: starburst},
     year = 2006,
    month = nov,
   volume = 372,
    pages = {961-976},
      doi = {10.1111/j.1365-2966.2006.10859.x},
   adsurl = {http://adsabs.harvard.edu/abs/2006MNRAS.372..961K},
  adsnote = {Provided by the SAO/NASA Astrophysics Data System}
}

@ARTICLE{Sarzi+2006,
   author = {{Sarzi}, M. and {Falc{\'o}n-Barroso}, J. and {Davies}, R.~L. and 
	{Bacon}, R. and {Bureau}, M. and {Cappellari}, M. and {de Zeeuw}, P.~T. and 
	{Emsellem}, E. and {Fathi}, K. and {Krajnovi{\'c}}, D. and {Kuntschner}, H. and 
	{McDermid}, R.~M. and {Peletier}, R.~F.},
    title = "{The SAURON project - V. Integral-field emission-line kinematics of 48 elliptical and lenticular galaxies}",
  journal = {\mnras},
   eprint = {astro-ph/0511307},
 keywords = {galaxies: elliptical and lenticular, cD, galaxies: evolution, galaxies: formation, galaxies: ISM, galaxies: kinematics and dynamics, galaxies: structure},
     year = 2006,
    month = mar,
   volume = 366,
    pages = {1151-1200},
      doi = {10.1111/j.1365-2966.2005.09839.x},
   adsurl = {http://adsabs.harvard.edu/abs/2006MNRAS.366.1151S},
  adsnote = {Provided by the SAO/NASA Astrophysics Data System}
}

@ARTICLE{2005ApJ...619..755D,
   author = {{Dopita}, M.~A. and {Groves}, B.~A. and {Fischera}, J. and {Sutherland}, R.~S. and 
	{Tuffs}, R.~J. and {Popescu}, C.~C. and {Kewley}, L.~J. and 
	{Reuland}, M. and {Leitherer}, C.},
    title = "{Modeling the Pan-Spectral Energy Distribution of Starburst Galaxies. I. The Role of ISM Pressure and the Molecular Cloud Dissipation Timescale}",
  journal = {\apj},
   eprint = {astro-ph/0407008},
 keywords = {ISM: Dust, Extinction, Galaxies: General, Galaxies: Starburst, ISM: H II Regions, Infrared: Galaxies, Radio Continuum: Galaxies, Ultraviolet: Galaxies},
     year = 2005,
    month = feb,
   volume = 619,
    pages = {755-778},
      doi = {10.1086/423948},
   adsurl = {http://adsabs.harvard.edu/abs/2005ApJ...619..755D},
  adsnote = {Provided by the SAO/NASA Astrophysics Data System}
}

@ARTICLE{Maraston+2005,
   author = {{Maraston}, C.},
    title = "{Evolutionary population synthesis: models, analysis of the ingredients and application to high-z galaxies}",
  journal = {\mnras},
   eprint = {astro-ph/0410207},
 keywords = {stars: AGB and post-AGB, stars: evolution, galaxies: evolution, galaxies: stellar content, cosmology: early Universe},
     year = 2005,
    month = sep,
   volume = 362,
    pages = {799-825},
      doi = {10.1111/j.1365-2966.2005.09270.x},
   adsurl = {http://adsabs.harvard.edu/abs/2005MNRAS.362..799M},
  adsnote = {Provided by the SAO/NASA Astrophysics Data System}
}

@ARTICLE{2004ApJ...612..168P,
   author = {{Pietrinferni}, A. and {Cassisi}, S. and {Salaris}, M. and {Castelli}, F.
	},
    title = "{A Large Stellar Evolution Database for Population Synthesis Studies. I. Scaled Solar Models and Isochrones}",
  journal = {\apj},
   eprint = {astro-ph/0405193},
 keywords = {Galaxies: Stellar Content, Galaxy: Disk, Galaxy: Open Clusters and Associations: General, Stars: Evolution, Stars: Horizontal-Branch},
     year = 2004,
    month = sep,
   volume = 612,
    pages = {168-190},
      doi = {10.1086/422498},
   adsurl = {http://adsabs.harvard.edu/abs/2004ApJ...612..168P},
  adsnote = {Provided by the SAO/NASA Astrophysics Data System}
}

@ARTICLE{Groves+2004,
   author = {{Groves}, B.~A. and {Dopita}, M.~A. and {Sutherland}, R.~S.},
    title = "{Dusty, Radiation Pressure-Dominated Photoionization. I. Model Description, Structure, and Grids}",
  journal = {\apjs},
   eprint = {astro-ph/0404175},
 keywords = {Galaxies: Active, Galaxies: Seyfert, ISM: General, Line: Formation},
     year = 2004,
    month = jul,
   volume = 153,
    pages = {9-73},
      doi = {10.1086/421113},
   adsurl = {http://adsabs.harvard.edu/abs/2004ApJS..153....9G},
  adsnote = {Provided by the SAO/NASA Astrophysics Data System}
}

@ARTICLE{Rigby+2004,
   author = {{Rigby}, J.~R. and {Rieke}, G.~H.},
    title = "{Missing Massive Stars in Starbursts: Stellar Temperature Diagnostics and the Initial Mass Function}",
  journal = {\apj},
   eprint = {astro-ph/0401239},
 keywords = {Galaxies: Starburst, Galaxies: Stellar Content, ISM: H II Regions, Infrared: Galaxies, Techniques: Spectroscopic},
     year = 2004,
    month = may,
   volume = 606,
    pages = {237-257},
      doi = {10.1086/382776},
   adsurl = {http://adsabs.harvard.edu/abs/2004ApJ...606..237R},
  adsnote = {Provided by the SAO/NASA Astrophysics Data System}
}

@ARTICLE{Pettini+2004,
   author = {{Pettini}, M. and {Pagel}, B.~E.~J.},
    title = "{[OIII]/[NII] as an abundance indicator at high redshift}",
  journal = {\mnras},
   eprint = {astro-ph/0401128},
 keywords = {ISM: abundances, HII regions, galaxies: abundances},
     year = 2004,
    month = mar,
   volume = 348,
    pages = {L59-L63},
      doi = {10.1111/j.1365-2966.2004.07591.x},
   adsurl = {http://adsabs.harvard.edu/abs/2004MNRAS.348L..59P},
  adsnote = {Provided by the SAO/NASA Astrophysics Data System}
}

@ARTICLE{Rauch+2003,
   author = {{Rauch}, T.},
    title = "{A grid of synthetic ionizing spectra for very hot compact stars from NLTE model atmospheres}",
  journal = {\aap},
   eprint = {astro-ph/0303464},
 keywords = {planetary nebulae: general, stars: atmospheres, stars: early-type, stars: general, ultraviolet: stars},
     year = 2003,
    month = may,
   volume = 403,
    pages = {709-714},
      doi = {10.1051/0004-6361:20030412},
   adsurl = {http://adsabs.harvard.edu/abs/2003A%26A...403..709R},
  adsnote = {Provided by the SAO/NASA Astrophysics Data System}
}

@ARTICLE{Anders+2003,
   author = {{Anders}, P. and {Fritze-v.~Alvensleben}, U.},
    title = "{Spectral and photometric evolution of young stellar populations: The impact of gaseous emission at various metallicities}",
  journal = {\aap},
   eprint = {astro-ph/0302146},
 keywords = {globular clusters: general, open clusters and associations: general, galaxies: star clusters, galaxies: evolution},
     year = 2003,
    month = apr,
   volume = 401,
    pages = {1063-1070},
      doi = {10.1051/0004-6361:20030151},
   adsurl = {http://adsabs.harvard.edu/abs/2003A%26A...401.1063A},
  adsnote = {Provided by the SAO/NASA Astrophysics Data System}
}

@ARTICLE{Kimura+2003,
   author = {{Kimura}, H. and {Mann}, I. and {Jessberger}, E.~K.},
    title = "{Elemental Abundances and Mass Densities of Dust and Gas in the Local Interstellar Cloud}",
  journal = {\apj},
 keywords = {ISM: Dust, Extinction, ISM: Abundances, ISM: Clouds, ISM: individual (Local Interstellar Cloud)},
     year = 2003,
    month = jan,
   volume = 582,
    pages = {846-858},
      doi = {10.1086/344691},
   adsurl = {http://adsabs.harvard.edu/abs/2003ApJ...582..846K},
  adsnote = {Provided by the SAO/NASA Astrophysics Data System}
}

@ARTICLE{Ferland+2003,
   author = {{Ferland}, G.~J.},
    title = "{Quantitative Spectroscopy of Photoionized Clouds}",
  journal = {\araa},
     year = 2003,
   volume = 41,
    pages = {517-554},
      doi = {10.1146/annurev.astro.41.011802.094836},
   adsurl = {http://adsabs.harvard.edu/abs/2003ARA%26A..41..517F},
  adsnote = {Provided by the SAO/NASA Astrophysics Data System}
}

@ARTICLE{Kauffmann+2003a,
   author = {{Kauffmann}, G. and {Heckman}, T.~M. and {White}, S.~D.~M. and 
	{Charlot}, S. and {Tremonti}, C. and {Brinchmann}, J. and {Bruzual}, G. and 
	{Peng}, E.~W. and {Seibert}, M. and {Bernardi}, M. and {Blanton}, M. and 
	{Brinkmann}, J. and {Castander}, F. and {Cs{\'a}bai}, I. and 
	{Fukugita}, M. and {Ivezic}, Z. and {Munn}, J.~A. and {Nichol}, R.~C. and 
	{Padmanabhan}, N. and {Thakar}, A.~R. and {Weinberg}, D.~H. and 
	{York}, D.},
    title = "{Stellar masses and star formation histories for 10$^{5}$ galaxies from the Sloan Digital Sky Survey}",
  journal = {\mnras},
   eprint = {astro-ph/0204055},
 keywords = {galaxies: evolution, galaxies: formation, galaxies: stellar content},
     year = 2003,
    month = may,
   volume = 341,
    pages = {33-53},
      doi = {10.1046/j.1365-8711.2003.06291.x},
   adsurl = {http://esoads.eso.org/abs/2003MNRAS.341...33K},
  adsnote = {Provided by the SAO/NASA Astrophysics Data System}
}

@ARTICLE{Kauffmann+2003b,
   author = {{Kauffmann}, G. and {Heckman}, T.~M. and {Tremonti}, C. and 
	{Brinchmann}, J. and {Charlot}, S. and {White}, S.~D.~M. and 
	{Ridgway}, S.~E. and {Brinkmann}, J. and {Fukugita}, M. and 
	{Hall}, P.~B. and {Ivezi{\'c}}, {\v Z}. and {Richards}, G.~T. and 
	{Schneider}, D.~P.},
    title = "{The host galaxies of active galactic nuclei}",
  journal = {\mnras},
   eprint = {astro-ph/0304239},
 keywords = {galaxies: active, galaxies: Seyfert, galaxies: starburst, galaxies: stellar content, galaxies: structure},
     year = 2003,
    month = dec,
   volume = 346,
    pages = {1055-1077},
      doi = {10.1111/j.1365-2966.2003.07154.x},
   adsurl = {http://esoads.eso.org/abs/2003MNRAS.346.1055K},
  adsnote = {Provided by the SAO/NASA Astrophysics Data System}
}

@ARTICLE{Smith+2002,
   author = {{Smith}, L.~J. and {Norris}, R.~P.~F. and {Crowther}, P.~A.},
    title = "{Realistic ionizing fluxes for young stellar populations from 0.05 to 2 Z$_{solar}$}",
  journal = {\mnras},
   eprint = {astro-ph/0207554},
 keywords = {stars: atmospheres, stars: mass-loss, stars: Wolf-Rayet, HII regions, galaxies: starburst, galaxies: stellar content},
     year = 2002,
    month = dec,
   volume = 337,
    pages = {1309-1328},
      doi = {10.1046/j.1365-8711.2002.06042.x},
   adsurl = {http://adsabs.harvard.edu/abs/2002MNRAS.337.1309S},
  adsnote = {Provided by the SAO/NASA Astrophysics Data System}
}

@ARTICLE{Kewley+2002,
   author = {{Kewley}, L.~J. and {Dopita}, M.~A.},
    title = "{Using Strong Lines to Estimate Abundances in Extragalactic H II Regions and Starburst Galaxies}",
  journal = {\apjs},
   eprint = {astro-ph/0206495},
 keywords = {Galaxies: Abundances, Galaxies: Evolution, Galaxies: Starburst, ISM: Abundances},
     year = 2002,
    month = sep,
   volume = 142,
    pages = {35-52},
      doi = {10.1086/341326},
   adsurl = {http://adsabs.harvard.edu/abs/2002ApJS..142...35K},
  adsnote = {Provided by the SAO/NASA Astrophysics Data System}
}

@ARTICLE{Kroupa+2002,
   author = {{Kroupa}, P.},
    title = "{The Initial Mass Function of Stars: Evidence for Uniformity in Variable Systems}",
  journal = {Science},
   eprint = {astro-ph/0201098},
     year = 2002,
    month = jan,
   volume = 295,
    pages = {82-91},
      doi = {10.1126/science.1067524},
   adsurl = {http://adsabs.harvard.edu/abs/2002Sci...295...82K},
  adsnote = {Provided by the SAO/NASA Astrophysics Data System}
}

@ARTICLE{Pauldrach+2001,
   author = {{Pauldrach}, A.~W.~A. and {Hoffmann}, T.~L. and {Lennon}, M.
	},
    title = "{Radiation-driven winds of hot luminous stars. XIII. A description of NLTE line blocking and blanketing towards realistic models for expanding atmospheres}",
  journal = {\aap},
 keywords = {LINE: FORMATION, STARS: ATMOSPHERES, STARS: EARLY TYPE, STARS: MASS-LOSS, STARS: INDIVIDUAL: ALPHA CAM, X-RAYS: STARS},
     year = 2001,
    month = aug,
   volume = 375,
    pages = {161-195},
      doi = {10.1051/0004-6361:20010805},
   adsurl = {http://adsabs.harvard.edu/abs/2001A%26A...375..161P},
  adsnote = {Provided by the SAO/NASA Astrophysics Data System}
}

@ARTICLE{Kewley+2001,
   author = {{Kewley}, L.~J. and {Dopita}, M.~A. and {Sutherland}, R.~S. and 
	{Heisler}, C.~A. and {Trevena}, J.},
    title = "{Theoretical Modeling of Starburst Galaxies}",
  journal = {\apj},
   eprint = {astro-ph/0106324},
 keywords = {Galaxies: Starburst, Radiation Mechanisms: Thermal},
     year = 2001,
    month = jul,
   volume = 556,
    pages = {121-140},
      doi = {10.1086/321545},
   adsurl = {http://adsabs.harvard.edu/abs/2001ApJ...556..121K},
  adsnote = {Provided by the SAO/NASA Astrophysics Data System}
}

@ARTICLE{Charlot+2001,
   author = {{Charlot}, S. and {Longhetti}, M.},
    title = "{Nebular emission from star-forming galaxies}",
  journal = {\mnras},
   eprint = {astro-ph/0101097},
 keywords = {GALAXIES: GENERAL, GALAXIES: ISM, GALAXIES: STELLAR CONTENT},
     year = 2001,
    month = may,
   volume = 323,
    pages = {887-903},
      doi = {10.1046/j.1365-8711.2001.04260.x},
   adsurl = {http://adsabs.harvard.edu/abs/2001MNRAS.323..887C},
  adsnote = {Provided by the SAO/NASA Astrophysics Data System}
}

@INPROCEEDINGS{Hillier+2001,
   author = {{Hillier}, D.~J. and {Lanz}, T.},
    title = "{CMFGEN: A non-LTE Line-Blanketed Radiative Transfer Code for Modeling Hot Stars with Stellar Winds}",
booktitle = {Spectroscopic Challenges of Photoionized Plasmas},
     year = 2001,
   series = {Astronomical Society of the Pacific Conference Series},
   volume = 247,
   editor = {{Ferland}, G. and {Savin}, D.~W.},
    pages = {343},
   adsurl = {http://adsabs.harvard.edu/abs/2001ASPC..247..343H},
  adsnote = {Provided by the SAO/NASA Astrophysics Data System}
}

@ARTICLE{Kroupa+2001,
   author = {{Kroupa}, P.},
    title = "{On the variation of the initial mass function}",
  journal = {\mnras},
   eprint = {astro-ph/0009005},
 keywords = {BINARIES: GENERAL, STARS: FORMATION, STARS: KINEMATICS, STARS: LUMINOSITY FUNCTION, MASS FUNCTION, GLOBULAR CLUSTERS: GENERAL, OPEN CLUSTERS AND ASSOCIATIONS: GENERAL},
     year = 2001,
    month = apr,
   volume = 322,
    pages = {231-246},
      doi = {10.1046/j.1365-8711.2001.04022.x},
   adsurl = {http://adsabs.harvard.edu/abs/2001MNRAS.322..231K},
  adsnote = {Provided by the SAO/NASA Astrophysics Data System}
}

@ARTICLE{2001A&A...369..574V,
   author = {{Vink}, J.~S. and {de Koter}, A. and {Lamers}, H.~J.~G.~L.~M.
	},
    title = "{Mass-loss predictions for O and B stars as a function of metallicity}",
  journal = {\aap},
   eprint = {astro-ph/0101509},
 keywords = {STARS: EARLY-TYPE, STARS: MASS-LOSS, STARS: SUPERGIANTS, STARS: WINDS, STARS: EVOLUTION},
     year = 2001,
    month = apr,
   volume = 369,
    pages = {574-588},
      doi = {10.1051/0004-6361:20010127},
   adsurl = {http://adsabs.harvard.edu/abs/2001A%26A...369..574V},
  adsnote = {Provided by the SAO/NASA Astrophysics Data System}
}

@ARTICLE{Moy+2001,
   author = {{Moy}, E. and {Rocca-Volmerange}, B. and {Fioc}, M.},
    title = "{Evolution of photoionization and star formation in starbursts and $\backslash$ion HII galaxies}",
  journal = {\aap},
   eprint = {astro-ph/0102196},
 keywords = {GALAXIES: STARBURST, GALAXIES: EVOLUTION, GALAXIES: STELLAR CONTENT, ISM: ION$\{$H$\}$$\{$II$\}$ REGIONS},
     year = 2001,
    month = jan,
   volume = 365,
    pages = {347-359},
      doi = {10.1051/0004-6361:20000045},
   adsurl = {http://adsabs.harvard.edu/abs/2001A%26A...365..347M},
  adsnote = {Provided by the SAO/NASA Astrophysics Data System}
}

@ARTICLE{Dopita+2000,
   author = {{Dopita}, M.~A. and {Kewley}, L.~J. and {Heisler}, C.~A. and 
	{Sutherland}, R.~S.},
    title = "{A Theoretical Recalibration of the Extragalactic H II Region Sequence}",
  journal = {\apj},
 keywords = {Galaxies: Abundances, Galaxies: Evolution, ISM: H II Regions, ISM: Abundances},
     year = 2000,
    month = oct,
   volume = 542,
    pages = {224-234},
      doi = {10.1086/309538},
   adsurl = {http://adsabs.harvard.edu/abs/2000ApJ...542..224D},
  adsnote = {Provided by the SAO/NASA Astrophysics Data System}
}

@ARTICLE{2000A&A...362..295V,
   author = {{Vink}, J.~S. and {de Koter}, A. and {Lamers}, H.~J.~G.~L.~M.
	},
    title = "{New theoretical mass-loss rates of O and B stars}",
  journal = {\aap},
   eprint = {astro-ph/0008183},
 keywords = {STARS: EARLY-TYPE, STARS: MASS-LOSS, STARS: SUPERGIANTS, STARS: WINDS, OUTFLOWS, STARS: EVOLUTION},
     year = 2000,
    month = oct,
   volume = 362,
    pages = {295-309},
   adsurl = {http://adsabs.harvard.edu/abs/2000A%26A...362..295V},
  adsnote = {Provided by the SAO/NASA Astrophysics Data System}
}

@ARTICLE{Meynet+2000,
   author = {{Meynet}, G. and {Maeder}, A.},
    title = "{Stellar evolution with rotation. V. Changes in all the outputs of massive star models}",
  journal = {\aap},
   eprint = {astro-ph/0006404},
 keywords = {STARS: ROTATION, STARS: EVOLUTION, STARS: ABUNDANCES, STARS: EARLY-TYPE},
     year = 2000,
    month = sep,
   volume = 361,
    pages = {101-120},
   adsurl = {http://adsabs.harvard.edu/abs/2000A%26A...361..101M},
  adsnote = {Provided by the SAO/NASA Astrophysics Data System}
}

@ARTICLE{Charlot+2000,
   author = {{Charlot}, S. and {Fall}, S.~M.},
    title = "{A Simple Model for the Absorption of Starlight by Dust in Galaxies}",
  journal = {\apj},
   eprint = {astro-ph/0003128},
 keywords = {ISM: Dust, Extinction, Galaxies: ISM, Galaxies: Starburst, Infrared: Galaxies, Ultraviolet: Galaxies},
     year = 2000,
    month = aug,
   volume = 539,
    pages = {718-731},
      doi = {10.1086/309250},
   adsurl = {http://adsabs.harvard.edu/abs/2000ApJ...539..718C},
  adsnote = {Provided by the SAO/NASA Astrophysics Data System}
}

@ARTICLE{2000A&A...360..227N,
   author = {{Nugis}, T. and {Lamers}, H.~J.~G.~L.~M.},
    title = "{Mass-loss rates of Wolf-Rayet stars as a function of stellar parameters}",
  journal = {\aap},
 keywords = {STARS: ATMOSPHERES, STARS: MASS-LOSS, STARS: EMISSION-LINE, BE, STARS: EVOLUTION, STARS: WOLF-RAYET},
     year = 2000,
    month = aug,
   volume = 360,
    pages = {227-244},
   adsurl = {http://adsabs.harvard.edu/abs/2000A%26A...360..227N},
  adsnote = {Provided by the SAO/NASA Astrophysics Data System}
}

@ARTICLE{Girardi+2000,
   author = {{Girardi}, L. and {Bressan}, A. and {Bertelli}, G. and {Chiosi}, C.
	},
    title = "{Evolutionary tracks and isochrones for low- and intermediate-mass stars: From 0.15 to 7 M$_{sun}$, and from Z=0.0004 to 0.03}",
  journal = {\aaps},
   eprint = {astro-ph/9910164},
 keywords = {STARS: EVOLUTION, STARS: INTERIORS, STARS: HERTZSPRUNG-RUSSELL (HR) DIAGRAM, STARS: LOW-MASS},
     year = 2000,
    month = feb,
   volume = 141,
    pages = {371-383},
      doi = {10.1051/aas:2000126},
   adsurl = {http://adsabs.harvard.edu/abs/2000A%26AS..141..371G},
  adsnote = {Provided by the SAO/NASA Astrophysics Data System}
}

@ARTICLE{1999astro.ph.12179F,
   author = {{Fioc}, M. and {Rocca-Volmerange}, B.},
    title = "{PEGASE.2, a metallicity-consistent spectral evolution model of galaxies: the documentation and the code}",
  journal = {ArXiv Astrophysics e-prints},
   eprint = {astro-ph/9912179},
 keywords = {Astrophysics},
     year = 1999,
    month = dec,
   adsurl = {http://adsabs.harvard.edu/abs/1999astro.ph.12179F},
  adsnote = {Provided by the SAO/NASA Astrophysics Data System}
}

@ARTICLE{Leitherer+1999,
   author = {{Leitherer}, C. and {Schaerer}, D. and {Goldader}, J.~D. and 
	{Delgado}, R.~M.~G. and {Robert}, C. and {Kune}, D.~F. and {de Mello}, D.~F. and 
	{Devost}, D. and {Heckman}, T.~M.},
    title = "{Starburst99: Synthesis Models for Galaxies with Active Star Formation}",
  journal = {\apjs},
   eprint = {astro-ph/9902334},
 keywords = {GALAXIES: EVOLUTION, GALAXIES: FUNDAMENTAL PARAMETERS, GALAXIES: STARBURST, GALAXIES: STELLAR CONTENT, METHODS: NUMERICAL, Galaxies: Evolution, Galaxies: Fundamental Parameters, Galaxies: Starburst, Galaxies: Stellar Content, Methods: Numerical},
     year = 1999,
    month = jul,
   volume = 123,
    pages = {3-40},
      doi = {10.1086/313233},
   adsurl = {http://adsabs.harvard.edu/abs/1999ApJS..123....3L},
  adsnote = {Provided by the SAO/NASA Astrophysics Data System}
}

@ARTICLE{vanZee+1998,
   author = {{van Zee}, L. and {Salzer}, J.~J. and {Haynes}, M.~P. and {O'Donoghue}, A.~A. and 
	{Balonek}, T.~J.},
    title = "{Spectroscopy of Outlying H II Regions in Spiral Galaxies: Abundances and Radial Gradients}",
  journal = {\aj},
   eprint = {astro-ph/9808315},
 keywords = {GALAXIES: ABUNDANCES, GALAXIES: ISM, GALAXIES: SPIRAL},
     year = 1998,
    month = dec,
   volume = 116,
    pages = {2805-2833},
      doi = {10.1086/300647},
   adsurl = {http://adsabs.harvard.edu/abs/1998AJ....116.2805V},
  adsnote = {Provided by the SAO/NASA Astrophysics Data System}
}

@ARTICLE{Heckman+1998,
   author = {{Heckman}, T.~M. and {Robert}, C. and {Leitherer}, C. and {Garnett}, D.~R. and 
	{van der Rydt}, F.},
    title = "{The Ultraviolet Spectroscopic Properties of Local Starbursts: Implications at High Redshift}",
  journal = {\apj},
   eprint = {astro-ph/9803185},
 keywords = {GALAXIES: ABUNDANCES, GALAXIES: EVOLUTION, GALAXIES: FUNDAMENTAL PARAMETERS, GALAXIES: STARBURST, ULTRAVIOLET: GALAXIES, Galaxies: Abundances, Galaxies: Evolution, Galaxies: Fundamental Parameters, Galaxies: Starburst, Ultraviolet: Galaxies},
     year = 1998,
    month = aug,
   volume = 503,
    pages = {646-661},
      doi = {10.1086/306035},
   adsurl = {http://adsabs.harvard.edu/abs/1998ApJ...503..646H},
  adsnote = {Provided by the SAO/NASA Astrophysics Data System}
}

@ARTICLE{Langer+1998,
   author = {{Langer}, N.},
    title = "{Coupled mass and angular momentum loss of massive main sequence stars}",
  journal = {\aap},
 keywords = {STARS: ROTATION, STARS: INTERIORS, STARS: EARLY-TYPE, STARS: EVOLUTION, STARS: MASS LOSS},
     year = 1998,
    month = jan,
   volume = 329,
    pages = {551-558},
   adsurl = {http://adsabs.harvard.edu/abs/1998A%26A...329..551L},
  adsnote = {Provided by the SAO/NASA Astrophysics Data System}
}

@ARTICLE{1997A&AS..125..229L,
   author = {{Lejeune}, T. and {Cuisinier}, F. and {Buser}, R.},
    title = "{Standard stellar library for evolutionary synthesis. I. Calibration of theoretical spectra}",
  journal = {\aaps},
   eprint = {astro-ph/9701019},
 keywords = {ATLASES, STARS: FUNDAMENTAL PARAMETERS},
     year = 1997,
    month = oct,
   volume = 125,
    pages = {229-246},
      doi = {10.1051/aas:1997373},
   adsurl = {http://adsabs.harvard.edu/abs/1997A%26AS..125..229L},
  adsnote = {Provided by the SAO/NASA Astrophysics Data System}
}

@ARTICLE{Garnett+1995,
   author = {{Garnett}, D.~R. and {Dufour}, R.~J. and {Peimbert}, M. and 
	{Torres-Peimbert}, S. and {Shields}, G.~A. and {Skillman}, E.~D. and 
	{Terlevich}, E. and {Terlevich}, R.~J.},
    title = "{Si/O Abundance Ratios in Extragalactic H II Regions from Hubble Space Telescope UV Spectroscopy}",
  journal = {\apjl},
 keywords = {ISM: H II REGIONS, ISM: ABUNDANCES},
     year = 1995,
    month = aug,
   volume = 449,
    pages = {L77},
      doi = {10.1086/309620},
   adsurl = {http://adsabs.harvard.edu/abs/1995ApJ...449L..77G},
  adsnote = {Provided by the SAO/NASA Astrophysics Data System}
}

@ARTICLE{Binette+1994,
   author = {{Binette}, L. and {Magris}, C.~G. and {Stasi{\'n}ska}, G. and 
	{Bruzual}, A.~G.},
    title = "{Photoionization in elliptical galaxies by old stars}",
  journal = {\aap},
 keywords = {Computational Astrophysics, Elliptical Galaxies, Photoionization, Star Formation, Starburst Galaxies, Stellar Evolution, Stellar Luminosity, Stellar Physics, Atmospheric Models, H Alpha Line, Interstellar Matter, Ionized Gases, Radiation Spectra, Stellar Mass, Stellar Models},
     year = 1994,
    month = dec,
   volume = 292,
    pages = {13-19},
   adsurl = {http://adsabs.harvard.edu/abs/1994A%26A...292...13B},
  adsnote = {Provided by the SAO/NASA Astrophysics Data System}
}

@ARTICLE{Bertelli+1994,
   author = {{Bertelli}, G. and {Bressan}, A. and {Chiosi}, C. and {Fagotto}, F. and 
	{Nasi}, E.},
    title = "{Theoretical isochrones from models with new radiative opacities}",
  journal = {\aaps},
 keywords = {STARS: EVOLUTION, INTERIORS, FUNDAMENTAL PARAMETERS, HR DIAGRAM},
     year = 1994,
    month = aug,
   volume = 106,
    pages = {275-302},
   adsurl = {http://adsabs.harvard.edu/abs/1994A%26AS..106..275B},
  adsnote = {Provided by the SAO/NASA Astrophysics Data System}
}

@ARTICLE{Schaller+1992,
   author = {{Schaller}, G. and {Schaerer}, D. and {Meynet}, G. and {Maeder}, A.
	},
    title = "{New grids of stellar models from 0.8 to 120 solar masses at Z = 0.020 and Z = 0.001}",
  journal = {\aaps},
 keywords = {Computational Astrophysics, Stellar Evolution, Stellar Models, Hertzsprung-Russell Diagram, Massive Stars, Optical Thickness, Photoionization, Stellar Atmospheres, Stellar Envelopes, Stellar Mass Ejection},
     year = 1992,
    month = dec,
   volume = 96,
    pages = {269-331},
   adsurl = {http://adsabs.harvard.edu/abs/1992A%26AS...96..269S},
  adsnote = {Provided by the SAO/NASA Astrophysics Data System}
}

@ARTICLE{1992ApJ...399..504S,
   author = {{Spinoglio}, L. and {Malkan}, M.~A.},
    title = "{Infrared line diagnostics of active galactic nuclei}",
  journal = {\apj},
 keywords = {Active Galactic Nuclei, Emission Spectra, Infrared Stars, Line Spectra, Seyfert Galaxies, Photoionization, Spectral Line Width, Star Formation},
     year = 1992,
    month = nov,
   volume = 399,
    pages = {504-520},
      doi = {10.1086/171943},
   adsurl = {http://adsabs.harvard.edu/abs/1992ApJ...399..504S},
  adsnote = {Provided by the SAO/NASA Astrophysics Data System}
}

@ARTICLE{1992ApJS...82..197F,
   author = {{Fanelli}, M.~N. and {O'Connell}, R.~W. and {Burstein}, D. and 
	{Wu}, C.-C.},
    title = "{Spectral synthesis in the ultraviolet. IV - A library of mean stellar groups}",
  journal = {\apjs},
 keywords = {Astronomical Catalogs, Stellar Spectrophotometry, Ultraviolet Astronomy, Galactic Structure, Iue, Metallicity, Spectral Energy Distribution, Stellar Luminosity},
     year = 1992,
    month = sep,
   volume = 82,
    pages = {197-245},
      doi = {10.1086/191714},
   adsurl = {http://adsabs.harvard.edu/abs/1992ApJS...82..197F},
  adsnote = {Provided by the SAO/NASA Astrophysics Data System}
}

@ARTICLE{1991ApJ...380..140M,
   author = {{McGaugh}, S.~S.},
    title = "{H II region abundances - Model oxygen line ratios}",
  journal = {\apj},
 keywords = {Abundance, H Ii Regions, Line Spectra, Oxygen Spectra, Forbidden Bands, Star Clusters, Stellar Spectra},
     year = 1991,
    month = oct,
   volume = 380,
    pages = {140-150},
      doi = {10.1086/170569},
   adsurl = {http://adsabs.harvard.edu/abs/1991ApJ...380..140M},
  adsnote = {Provided by the SAO/NASA Astrophysics Data System}
}

@ARTICLE{1991ApJS...77..119M,
   author = {{Morton}, D.~C.},
    title = "{Atomic data for resonance absorption lines. I - Wavelengths longward of the Lyman limit}",
  journal = {\apjs},
 keywords = {Atomic Spectra, Interstellar Matter, Lyman Spectra, Resonance Lines, Quasars, Stellar Winds, Transition Probabilities, Ultraviolet Spectra},
     year = 1991,
    month = sep,
   volume = 77,
    pages = {119-202},
      doi = {10.1086/191601},
   adsurl = {http://adsabs.harvard.edu/abs/1991ApJS...77..119M},
  adsnote = {Provided by the SAO/NASA Astrophysics Data System}
}

@ARTICLE{Anders+1989,
   author = {{Anders}, E. and {Grevesse}, N.},
    title = "{Abundances of the elements - Meteoritic and solar}",
  journal = {\gca},
 keywords = {Abundance, Chemical Analysis, Chondrites, Meteoritic Composition, Photosphere, Solar Corona, Energetic Particles, Isotopes, Solar Wind, METEORITES, ABUNDANCE, SAMPLES, METEORITE, CI CHONDRITES, SUN, CORONA, PHOTOSPHERE, REVIEW, ELEMENTS, FRACTIONATION, SOLAR SYSTEM, NUCLIDES, SOLAR WIND, CHARGED PARTICLES, RARE GASES, REFRACTORY ELEMENTS, COMETS, SIDEROPHILES, VOLATILES, NUCLEOSYNTHESIS, HALLEY, COMPARISONS},
     year = 1989,
    month = jan,
   volume = 53,
    pages = {197-214},
      doi = {10.1016/0016-7037(89)90286-X},
   adsurl = {http://adsabs.harvard.edu/abs/1989GeCoA..53..197A},
  adsnote = {Provided by the SAO/NASA Astrophysics Data System}
}

@ARTICLE{1988A&AS...72..259D,
   author = {{de Jager}, C. and {Nieuwenhuijzen}, H. and {van der Hucht}, K.~A.
	},
    title = "{Mass loss rates in the Hertzsprung-Russell diagram}",
  journal = {\aaps},
 keywords = {Hertzsprung-Russell Diagram, O Stars, Planetary Nebulae, Stellar Luminosity, Stellar Mass Ejection, Wolf-Rayet Stars, B Stars, Carbon Stars, Computational Astrophysics, High Temperature, Hot Stars, Stellar Mass},
     year = 1988,
    month = feb,
   volume = 72,
    pages = {259-289},
   adsurl = {http://adsabs.harvard.edu/abs/1988A%26AS...72..259D},
  adsnote = {Provided by the SAO/NASA Astrophysics Data System}
}

@ARTICLE{1987ApJS...63..295V,
   author = {{Veilleux}, S. and {Osterbrock}, D.~E.},
    title = "{Spectral classification of emission-line galaxies}",
  journal = {\apjs},
 keywords = {Emission Spectra, Seyfert Galaxies, Spectral Line Width, Spectrum Analysis, Active Galaxies, Astronomical Models, Astronomical Spectroscopy, H Ii Regions, Hot Stars, Interstellar Extinction, Photoionization, Star Formation},
     year = 1987,
    month = feb,
   volume = 63,
    pages = {295-310},
      doi = {10.1086/191166},
   adsurl = {http://adsabs.harvard.edu/abs/1987ApJS...63..295V},
  adsnote = {Provided by the SAO/NASA Astrophysics Data System}
}

@ARTICLE{1986PASP...98..549F,
   author = {{Ferland}, G.~J.},
    title = "{On photoproduction of ultraviolet emission lines}",
  journal = {\pasp},
 keywords = {Emission Spectra, Line Spectra, Nebulae, Photoionization, Ultraviolet Astronomy, Atomic Excitations, Ground State, H Ii Regions, Ionization Frequencies},
     year = 1986,
    month = jun,
   volume = 98,
    pages = {549-551},
      doi = {10.1086/131792},
   adsurl = {http://adsabs.harvard.edu/abs/1986PASP...98..549F},
  adsnote = {Provided by the SAO/NASA Astrophysics Data System}
}

@ARTICLE{Pagel+1979,
   author = {{Pagel}, B.~E.~J. and {Edmunds}, M.~G. and {Blackwell}, D.~E. and 
	{Chun}, M.~S. and {Smith}, G.},
    title = "{On the composition of H II regions in southern galaxies. I - NGC 300 and 1365}",
  journal = {\mnras},
 keywords = {Emission Spectra, H Ii Regions, H Lines, Interstellar Gas, Spectrum Analysis, Spiral Galaxies, Abundance, Astronomical Catalogs, Data Reduction, Electron Energy, Hydrogen Ions, Magellanic Clouds, Nitrogen, Oxygen},
     year = 1979,
    month = oct,
   volume = 189,
    pages = {95-113},
      doi = {10.1093/mnras/189.1.95},
   adsurl = {http://adsabs.harvard.edu/abs/1979MNRAS.189...95P},
  adsnote = {Provided by the SAO/NASA Astrophysics Data System}
}

@ARTICLE{1970ApJ...162L.155S,
   author = {{Sargent}, W.~L.~W. and {Searle}, L.},
    title = "{Isolated Extragalactic H II Regions}",
  journal = {\apjl},
     year = 1970,
    month = dec,
   volume = 162,
    pages = {L155},
      doi = {10.1086/180644},
   adsurl = {http://adsabs.harvard.edu/abs/1970ApJ...162L.155S},
  adsnote = {Provided by the SAO/NASA Astrophysics Data System}
}

@ARTICLE{1955ApJ...121..161S,
   author = {{Salpeter}, E.~E.},
    title = "{The Luminosity Function and Stellar Evolution.}",
  journal = {\apj},
     year = 1955,
    month = jan,
   volume = 121,
    pages = {161},
      doi = {10.1086/145971},
   adsurl = {http://adsabs.harvard.edu/abs/1955ApJ...121..161S},
  adsnote = {Provided by the SAO/NASA Astrophysics Data System}
}

@ARTICLE{BPT,
   author = {{Baldwin}, J.~A. and {Phillips}, M.~M. and {Terlevich}, R.},
    title = "{Classification parameters for the emission-line spectra of extragalactic objects}",
  journal = {\pasp},
 keywords = {Astronomical Spectroscopy, Emission Spectra, Line Spectra, Quasars, Seyfert Galaxies, Classifications, H Ii Regions, Photoionization, Planetary Nebulae, Shock Heating},
     year = 1981,
    month = feb,
   volume = 93,
    pages = {5-19},
      doi = {10.1086/130766},
   adsurl = {http://adsabs.harvard.edu/abs/1981PASP...93....5B},
  adsnote = {Provided by the SAO/NASA Astrophysics Data System}
}

@ARTICLE{Burstein+1988,
   author = {{Burstein}, D. and {Bertola}, F. and {Buson}, L.~M. and {Faber}, S.~M. and 
	{Lauer}, T.~R.},
    title = "{The far-ultraviolet spectra of early-type galaxies}",
  journal = {\apj},
 keywords = {Active Galaxies, Elliptical Galaxies, Far Ultraviolet Radiation, Galactic Evolution, Star Formation, Ultraviolet Spectra, Andromeda Galaxy, Cool Stars, Energy Distribution, Iue, Late Stars, Morphology},
     year = 1988,
    month = may,
   volume = 328,
    pages = {440-462},
      doi = {10.1086/166304},
   adsurl = {http://adsabs.harvard.edu/abs/1988ApJ...328..440B},
  adsnote = {Provided by the SAO/NASA Astrophysics Data System}
}

@ARTICLE{Heckman+1980,
   author = {{Heckman}, T.~M.},
    title = "{An optical and radio survey of the nuclei of bright galaxies - Activity in normal galactic nuclei}",
  journal = {\aap},
 keywords = {Astronomical Spectroscopy, Galactic Nuclei, Optical Measurement, Radio Astronomy, Radio Galaxies, Emission Spectra, H Ii Regions, Luminous Intensity, Nonthermal Radiation, Seyfert Galaxies, Shock Wave Propagation, Spectral Line Width, Spectrophotometry},
     year = 1980,
    month = jul,
   volume = 87,
    pages = {152-164},
   adsurl = {http://adsabs.harvard.edu/abs/1980A%26A....87..152H},
  adsnote = {Provided by the SAO/NASA Astrophysics Data System}
}

@ARTICLE{Goudfrooij+1994,
   author = {{Goudfrooij}, P. and {Hansen}, L. and {Jorgensen}, H.~E. and 
	{Norgaard-Nielsen}, H.~U.},
    title = "{Interstellar matter in Shapley-Ames elliptical galaxies. II. The distribution of dust and ionized gas}",
  journal = {\aaps},
 keywords = {GALAXIES: ELLIPTICAL, ELLIPTICAL GALAXIES: INTERSTELLAR MATTER, PHOTOMETRY, STRUCTURE},
     year = 1994,
    month = jun,
   volume = 105,
    pages = {341-383},
   adsurl = {http://adsabs.harvard.edu/abs/1994A%26AS..105..341G},
  adsnote = {Provided by the SAO/NASA Astrophysics Data System}
}

@INPROCEEDINGS{Filippenko+2003,
   author = {{Filippenko}, A.~V.},
    title = "{LINERs and their Physical Mechanisms}",
booktitle = {Active Galactic Nuclei: From Central Engine to Host Galaxy},
     year = 2003,
   series = {Astronomical Society of the Pacific Conference Series},
   volume = 290,
   eprint = {astro-ph/0307137},
   editor = {{Collin}, S. and {Combes}, F. and {Shlosman}, I.},
    pages = {369},
   adsurl = {http://adsabs.harvard.edu/abs/2003ASPC..290..369F},
  adsnote = {Provided by the SAO/NASA Astrophysics Data System}
}

@ARTICLE{Halpern+1983,
   author = {{Halpern}, J.~P. and {Steiner}, J.~E.},
    title = "{Low-ionization active galactic nuclei - X-ray or shock heated?}",
  journal = {\apjl},
 keywords = {Active Galactic Nuclei, Photoionization, Seyfert Galaxies, Shock Heating, X Ray Sources, Astronomical Models, Charge Transfer, Heao 2, Line Spectra, Luminosity},
     year = 1983,
    month = jun,
   volume = 269,
    pages = {L37-L41},
      doi = {10.1086/184051},
   adsurl = {http://adsabs.harvard.edu/abs/1983ApJ...269L..37H},
  adsnote = {Provided by the SAO/NASA Astrophysics Data System}
}

@ARTICLE{Ferland+1983,
   author = {{Ferland}, G.~J. and {Netzer}, H.},
    title = "{Are there any shock-heated galaxies}",
  journal = {\apj},
 keywords = {Astronomical Spectroscopy, Galactic Nuclei, Seyfert Galaxies, Shock Heating, Active Galactic Nuclei, Helium, Line Spectra, Oxygen Spectra, Photoionization},
     year = 1983,
    month = jan,
   volume = 264,
    pages = {105-113},
      doi = {10.1086/160577},
   adsurl = {http://adsabs.harvard.edu/abs/1983ApJ...264..105F},
  adsnote = {Provided by the SAO/NASA Astrophysics Data System}
}

@ARTICLE{Dopita+1995,
   author = {{Dopita}, M.~A. and {Sutherland}, R.~S.},
    title = "{Spectral Signatures of Fast Shocks. II. Optical Diagnostic Diagrams}",
  journal = {\apj},
 keywords = {GALAXIES: ACTIVE, GALAXIES: SEYFERT, SHOCK WAVES},
     year = 1995,
    month = dec,
   volume = 455,
    pages = {468},
      doi = {10.1086/176596},
   adsurl = {http://adsabs.harvard.edu/abs/1995ApJ...455..468D},
  adsnote = {Provided by the SAO/NASA Astrophysics Data System}
}

@ARTICLE{Maccehetto+1996,
   author = {{Macchetto}, F. and {Pastoriza}, M. and {Caon}, N. and {Sparks}, W.~B. and 
	{Giavalisco}, M. and {Bender}, R. and {Capaccioli}, M.},
    title = "{A survey of the ISM in early-type galaxies. I. The ionized gas.}",
  journal = {\aaps},
 keywords = {GALAXIES: ELLIPTICAL AND LENTICULAR, GALAXIES: ISM, GALAXIES: STRUCTURE},
     year = 1996,
    month = dec,
   volume = 120,
    pages = {463-488},
   adsurl = {http://adsabs.harvard.edu/abs/1996A%26AS..120..463M},
  adsnote = {Provided by the SAO/NASA Astrophysics Data System}
}

@ARTICLE{Yan+2006,
   author = {{Yan}, R. and {Newman}, J.~A. and {Faber}, S.~M. and {Konidaris}, N. and 
	{Koo}, D. and {Davis}, M.},
    title = "{On the Origin of [O II] Emission in Red-Sequence and Poststarburst Galaxies}",
  journal = {\apj},
   eprint = {astro-ph/0512446},
 keywords = {Galaxies: Active, Galaxies: Evolution, Galaxies: Fundamental Parameters, Galaxies: ISM, Galaxies: Statistics},
     year = 2006,
    month = sep,
   volume = 648,
    pages = {281-298},
      doi = {10.1086/505629},
   adsurl = {http://adsabs.harvard.edu/abs/2006ApJ...648..281Y},
  adsnote = {Provided by the SAO/NASA Astrophysics Data System}
}

@ARTICLE{Heckman+1981,
   author = {{Heckman}, T.~M.},
    title = "{Optical emission-line gas associated with dominant cluster galaxies}",
  journal = {\apjl},
 keywords = {Galactic Clusters, Line Spectra, Optical Emission Spectroscopy, Radio Galaxies, X Ray Astronomy, Data Reduction, Gas Flow, Luminosity, Molecular Excitation, Spectrum Analysis},
     year = 1981,
    month = nov,
   volume = 250,
    pages = {L59-L63},
      doi = {10.1086/183674},
   adsurl = {http://adsabs.harvard.edu/abs/1981ApJ...250L..59H},
  adsnote = {Provided by the SAO/NASA Astrophysics Data System}
}

@ARTICLE{Taniguchi+2000,
   author = {{Taniguchi}, Y. and {Shioya}, Y. and {Murayama}, T.},
    title = "{Poststarburst Models of LINERS}",
  journal = {\aj},
   eprint = {astro-ph/0005346},
 keywords = {Galaxies: Active, Galaxies: Evolution, Galaxies: Nuclei, Galaxies: Starburst},
     year = 2000,
    month = sep,
   volume = 120,
    pages = {1265-1272},
      doi = {10.1086/301520},
   adsurl = {http://adsabs.harvard.edu/abs/2000AJ....120.1265T},
  adsnote = {Provided by the SAO/NASA Astrophysics Data System}
}

@ARTICLE{Yi+2005,
   author = {{Yi}, S.~K. and {Yoon}, S.-J. and {Kaviraj}, S. and {Deharveng}, J.-M. and 
	{Rich}, R.~M. and {Salim}, S. and {Boselli}, A. and {Lee}, Y.-W. and 
	{Ree}, C.~H. and {Sohn}, Y.-J. and {Rey}, S.-C. and {Lee}, J.-W. and 
	{Rhee}, J. and {Bianchi}, L. and {Byun}, Y.-I. and {Donas}, J. and 
	{Friedman}, P.~G. and {Heckman}, T.~M. and {Jelinsky}, P. and 
	{Madore}, B.~F. and {Malina}, R. and {Martin}, D.~C. and {Milliard}, B. and 
	{Morrissey}, P. and {Neff}, S. and {Schiminovich}, D. and {Siegmund}, O. and 
	{Small}, T. and {Szalay}, A.~S. and {Jee}, M.~J. and {Kim}, S.-W. and 
	{Barlow}, T. and {Forster}, K. and {Welsh}, B. and {Wyder}, T.~K.
	},
    title = "{Galaxy Evolution Explorer Ultraviolet Color-Magnitude Relations and Evidence of Recent Star Formation in Early-Type Galaxies}",
  journal = {\apjl},
   eprint = {astro-ph/0411327},
 keywords = {Galaxies: Evolution, Galaxies: Formation, Ultraviolet: Galaxies},
     year = 2005,
    month = jan,
   volume = 619,
    pages = {L111-L114},
      doi = {10.1086/422811},
   adsurl = {http://adsabs.harvard.edu/abs/2005ApJ...619L.111Y},
  adsnote = {Provided by the SAO/NASA Astrophysics Data System}
}

@ARTICLE{Schawinski+2007,
   author = {{Schawinski}, K. and {Kaviraj}, S. and {Khochfar}, S. and {Yoon}, S.-J. and 
	{Yi}, S.~K. and {Deharveng}, J.-M. and {Boselli}, A. and {Barlow}, T. and 
	{Conrow}, T. and {Forster}, K. and {Friedman}, P.~G. and {Martin}, D.~C. and 
	{Morrissey}, P. and {Neff}, S. and {Schiminovich}, D. and {Seibert}, M. and 
	{Small}, T. and {Wyder}, T. and {Bianchi}, L. and {Donas}, J. and 
	{Heckman}, T. and {Lee}, Y.-W. and {Madore}, B. and {Milliard}, B. and 
	{Rich}, R.~M. and {Szalay}, A.},
    title = "{The Effect of Environment on the Ultraviolet Color-Magnitude Relation of Early-Type Galaxies}",
  journal = {\apjs},
   eprint = {astro-ph/0601036},
 keywords = {Galaxies: Elliptical and Lenticular, cD, Galaxies: Evolution, Galaxies: Formation, Galaxies: Fundamental Parameters},
     year = 2007,
    month = dec,
   volume = 173,
    pages = {512-523},
      doi = {10.1086/516631},
   adsurl = {http://adsabs.harvard.edu/abs/2007ApJS..173..512S},
  adsnote = {Provided by the SAO/NASA Astrophysics Data System}
}
@ARTICLE{Kaviraj+2007,
   author = {{Kaviraj}, S. and {Schawinski}, K. and {Devriendt}, J.~E.~G. and 
	{Ferreras}, I. and {Khochfar}, S. and {Yoon}, S.-J. and {Yi}, S.~K. and 
	{Deharveng}, J.-M. and {Boselli}, A. and {Barlow}, T. and {Conrow}, T. and 
	{Forster}, K. and {Friedman}, P.~G. and {Martin}, D.~C. and 
	{Morrissey}, P. and {Neff}, S. and {Schiminovich}, D. and {Seibert}, M. and 
	{Small}, T. and {Wyder}, T. and {Bianchi}, L. and {Donas}, J. and 
	{Heckman}, T. and {Lee}, Y.-W. and {Madore}, B. and {Milliard}, B. and 
	{Rich}, R.~M. and {Szalay}, A.},
    title = "{UV-Optical Colors As Probes of Early-Type Galaxy Evolution}",
  journal = {\apjs},
   eprint = {astro-ph/0601029},
 keywords = {Galaxies: Elliptical and Lenticular, cD, Galaxies: Evolution, Galaxies: Formation, Galaxies: Fundamental Parameters},
     year = 2007,
    month = dec,
   volume = 173,
    pages = {619-642},
      doi = {10.1086/516633},
   adsurl = {http://adsabs.harvard.edu/abs/2007ApJS..173..619K},
  adsnote = {Provided by the SAO/NASA Astrophysics Data System}
}

@ARTICLE{Allen+2008,
   author = {{Allen}, M.~G. and {Groves}, B.~A. and {Dopita}, M.~A. and {Sutherland}, R.~S. and 
	{Kewley}, L.~J.},
    title = "{The MAPPINGS III Library of Fast Radiative Shock Models}",
  journal = {\apjs},
archivePrefix = "arXiv",
   eprint = {0805.0204},
 keywords = {galaxies: nuclei, galaxies: Seyfert, hydrodynamics, infrared: ISM, ISM: abundances, shock waves, ultraviolet: ISM, X-rays: ISM},
     year = 2008,
    month = sep,
   volume = 178,
      eid = {20-55},
    pages = {20-55},
      doi = {10.1086/589652},
   adsurl = {http://adsabs.harvard.edu/abs/2008ApJS..178...20A},
  adsnote = {Provided by the SAO/NASA Astrophysics Data System}
}

@ARTICLE{Koski+1976,
   author = {{Koski}, A.~T. and {Osterbrock}, D.~E.},
    title = "{Electron Temperature in the Elliptical Galaxy NGC 1052}",
  journal = {\apjl},
     year = 1976,
    month = jan,
   volume = 203,
    pages = {L49},
      doi = {10.1086/182017},
   adsurl = {http://adsabs.harvard.edu/abs/1976ApJ...203L..49K},
  adsnote = {Provided by the SAO/NASA Astrophysics Data System}
}

@INPROCEEDINGS{Ho+1999,
   author = {{Ho}, L.},
    title = "{Supermassive Black Holes in Galactic Nuclei: Observational Evidence and Astrophysical Consequences}",
booktitle = {Observational Evidence for the Black Holes in the Universe},
     year = 1999,
   series = {Astrophysics and Space Science Library},
   volume = 234,
   editor = {{Chakrabarti}, S.~K.},
    pages = {157},
      doi = {10.1007/978-94-011-4750-7_11},
   adsurl = {http://adsabs.harvard.edu/abs/1999ASSL..234..157H},
  adsnote = {Provided by the SAO/NASA Astrophysics Data System}
}
@ARTICLE{Ho+2009,
   author = {{Ho}, L.~C.},
    title = "{Origin and Dynamical Support of Ionized Gas in Galaxy Bulges}",
  journal = {\apj},
archivePrefix = "arXiv",
   eprint = {0906.4103},
 primaryClass = "astro-ph.GA",
 keywords = {galaxies: active, galaxies: bulges, galaxies: ISM, galaxies: kinematics and dynamics, galaxies: nuclei, galaxies: Seyfert},
     year = 2009,
    month = jul,
   volume = 699,
    pages = {638-648},
      doi = {10.1088/0004-637X/699/1/638},
   adsurl = {http://adsabs.harvard.edu/abs/2009ApJ...699..638H},
  adsnote = {Provided by the SAO/NASA Astrophysics Data System}
}

@ARTICLE{Bureau+2011,
   author = {{Bureau}, M. and {Jeong}, H. and {Yi}, S.~K. and {Schawinski}, K. and 
	{Houghton}, R.~C.~W. and {Davies}, R.~L. and {Bacon}, R. and 
	{Cappellari}, M. and {de Zeeuw}, P.~T. and {Emsellem}, E. and 
	{Falc{\'o}n-Barroso}, J. and {Krajnovi{\'c}}, D. and {Kuntschner}, H. and 
	{McDermid}, R.~M. and {Peletier}, R.~F. and {Sarzi}, M. and 
	{Sohn}, Y.-J. and {Thomas}, D. and {van den Bosch}, R.~C.~E. and 
	{van de Ven}, G.},
    title = "{The SAURON project - XVIII. The integrated UV-line-strength relations of early-type galaxies}",
  journal = {\mnras},
archivePrefix = "arXiv",
   eprint = {1102.0957},
 keywords = {galaxies: elliptical and lenticular, cD, galaxies: evolution, galaxies: photometry, galaxies: stellar content, galaxies: structure, ultraviolet: galaxies},
     year = 2011,
    month = jul,
   volume = 414,
    pages = {1887-1902},
      doi = {10.1111/j.1365-2966.2011.18489.x},
   adsurl = {http://adsabs.harvard.edu/abs/2011MNRAS.414.1887B},
  adsnote = {Provided by the SAO/NASA Astrophysics Data System}
}
@ARTICLE{Rosenfield+2012,
   author = {{Rosenfield}, P. and {Johnson}, L.~C. and {Girardi}, L. and 
	{Dalcanton}, J.~J. and {Bressan}, A. and {Lang}, D. and {Williams}, B.~F. and 
	{Guhathakurta}, P. and {Howley}, K.~M. and {Lauer}, T.~R. and 
	{Bell}, E.~F. and {Bianchi}, L. and {Caldwell}, N. and {Dolphin}, A. and 
	{Dorman}, C.~E. and {Gilbert}, K.~M. and {Kalirai}, J. and {Larsen}, S.~S. and 
	{Olsen}, K.~A.~G. and {Rix}, H.-W. and {Seth}, A.~C. and {Skillman}, E.~D. and 
	{Weisz}, D.~R.},
    title = "{The Panchromatic Hubble Andromeda Treasury. I. Bright UV Stars in the Bulge of M31}",
  journal = {\apj},
archivePrefix = "arXiv",
   eprint = {1206.4045},
 keywords = {galaxies: evolution, galaxies: individual: M31, galaxies: stellar content, stars: evolution, stars: horizontal-branch},
     year = 2012,
    month = aug,
   volume = 755,
      eid = {131},
    pages = {131},
      doi = {10.1088/0004-637X/755/2/131},
   adsurl = {http://adsabs.harvard.edu/abs/2012ApJ...755..131R},
  adsnote = {Provided by the SAO/NASA Astrophysics Data System}
}

@ARTICLE{CidFernandes+2011,
   author = {{Cid Fernandes}, R. and {Stasi{\'n}ska}, G. and {Mateus}, A. and 
	{Vale Asari}, N.},
    title = "{A comprehensive classification of galaxies in the Sloan Digital Sky Survey: how to tell true from fake AGN?}",
  journal = {\mnras},
archivePrefix = "arXiv",
   eprint = {1012.4426},
 keywords = {galaxies: active, galaxies: evolution, galaxies: statistics, galaxies: stellar content},
     year = 2011,
    month = may,
   volume = 413,
    pages = {1687-1699},
      doi = {10.1111/j.1365-2966.2011.18244.x},
   adsurl = {http://adsabs.harvard.edu/abs/2011MNRAS.413.1687C},
  adsnote = {Provided by the SAO/NASA Astrophysics Data System}
}

@ARTICLE{Miller+2016,
   author = {{Miller Bertolami}, M.~M.},
    title = "{New models for the evolution of post-asymptotic giant branch stars and central stars of planetary nebulae}",
  journal = {\aap},
archivePrefix = "arXiv",
   eprint = {1512.04129},
 primaryClass = "astro-ph.SR",
 keywords = {stars: AGB and post-AGB, stars: low-mass, stars: evolution, planetary nebulae: general},
     year = 2016,
    month = apr,
   volume = 588,
      eid = {A25},
    pages = {A25},
      doi = {10.1051/0004-6361/201526577},
   adsurl = {http://adsabs.harvard.edu/abs/2016A%26A...588A..25M},
  adsnote = {Provided by the SAO/NASA Astrophysics Data System}
}

@ARTICLE{Weiss+2009,
   author = {{Weiss}, A. and {Ferguson}, J.~W.},
    title = "{New asymptotic giant branch models for a range of metallicities}",
  journal = {\aap},
archivePrefix = "arXiv",
   eprint = {0903.2155},
 primaryClass = "astro-ph.SR",
 keywords = {stars: evolution, stars: AGB and post-AGB, stars: interiors},
     year = 2009,
    month = dec,
   volume = 508,
    pages = {1343-1358},
      doi = {10.1051/0004-6361/200912043},
   adsurl = {http://adsabs.harvard.edu/abs/2009A%26A...508.1343W},
  adsnote = {Provided by the SAO/NASA Astrophysics Data System}
}

@ARTICLE{Vassiliadis+1994,
   author = {{Vassiliadis}, E. and {Wood}, P.~R.},
    title = "{Post-asymptotic giant branch evolution of low- to intermediate-mass stars}",
  journal = {\apjs},
 keywords = {Astronomical Models, Asymptotic Giant Branch Stars, Magellanic Clouds, Main Sequence Stars, Mass Flow Rate, Planetary Nebulae, Stellar Evolution, Stellar Luminosity, White Dwarf Stars, Abundance, Computer Programs, Helium, Hydrogen, Metallicity, Numerical Analysis, Star Trackers},
     year = 1994,
    month = may,
   volume = 92,
    pages = {125-144},
      doi = {10.1086/191962},
   adsurl = {http://adsabs.harvard.edu/abs/1994ApJS...92..125V},
  adsnote = {Provided by the SAO/NASA Astrophysics Data System}
}

@ARTICLE{Bloecker+1995,
   author = {{Bloecker}, T.},
    title = "{Stellar evolution of low- and intermediate-mass stars. II. Post-AGB evolution.}",
  journal = {\aap},
 keywords = {STARS: EVOLUTION, STARS: MASS LOSS, STARS: AGB, POST-AGB, STARS: WHITE DWARFS},
     year = 1995,
    month = jul,
   volume = 299,
    pages = {755},
   adsurl = {http://adsabs.harvard.edu/abs/1995A%26A...299..755B},
  adsnote = {Provided by the SAO/NASA Astrophysics Data System}
}

@ARTICLE{Reimers+1975,
   author = {{Reimers}, D.},
    title = "{Circumstellar absorption lines and mass loss from red giants}",
  journal = {Memoires of the Societe Royale des Sciences de Liege},
 keywords = {Absorption Spectra, Giant Stars, Line Spectra, M Stars, Stellar Envelopes, Stellar Mass Ejection, Doppler Effect, Ionization, K Lines, Spectral Line Width, Stellar Evolution, Stellar Spectra, Velocity Distribution},
     year = 1975,
   volume = 8,
    pages = {369-382},
   adsurl = {http://adsabs.harvard.edu/abs/1975MSRSL...8..369R},
  adsnote = {Provided by the SAO/NASA Astrophysics Data System}
}

@ARTICLE{Rosenfield+2014,
   author = {{Rosenfield}, P. and {Marigo}, P. and {Girardi}, L. and {Dalcanton}, J.~J. and 
	{Bressan}, A. and {Gullieuszik}, M. and {Weisz}, D. and {Williams}, B.~F. and 
	{Dolphin}, A. and {Aringer}, B.},
    title = "{Evolution of Thermally Pulsing Asymptotic Giant Branch Stars. IV. Constraining Mass loss and Lifetimes of Low Mass, Low Metallicity AGB Stars}",
  journal = {\apj},
archivePrefix = "arXiv",
   eprint = {1406.0676},
 primaryClass = "astro-ph.SR",
 keywords = {galaxies: dwarf, galaxies: individual: DDO71 DDO78 SCL-DE1 NGC 2976 KKH37 HS117, stars: AGB and post-AGB, stars: general},
     year = 2014,
    month = jul,
   volume = 790,
      eid = {22},
    pages = {22},
      doi = {10.1088/0004-637X/790/1/22},
   adsurl = {http://adsabs.harvard.edu/abs/2014ApJ...790...22R},
  adsnote = {Provided by the SAO/NASA Astrophysics Data System}
}

@ARTICLE{Kalirai+2009,
   author = {{Kalirai}, J.~S. and {Saul Davis}, D. and {Richer}, H.~B. and 
	{Bergeron}, P. and {Catelan}, M. and {Hansen}, B.~M.~S. and 
	{Rich}, R.~M.},
    title = "{The Masses of Population II White Dwarfs}",
  journal = {\apj},
archivePrefix = "arXiv",
   eprint = {0909.2253},
 primaryClass = "astro-ph.SR",
 keywords = {globular clusters: individual: M4, stars: evolution, stars: mass loss, techniques: spectroscopic, white dwarfs},
     year = 2009,
    month = nov,
   volume = 705,
    pages = {408-425},
      doi = {10.1088/0004-637X/705/1/408},
   adsurl = {http://adsabs.harvard.edu/abs/2009ApJ...705..408K},
  adsnote = {Provided by the SAO/NASA Astrophysics Data System}
}

@ARTICLE{Smith+2012,
   author = {{Smith}, R.~J. and {Lucey}, J.~R. and {Carter}, D.},
    title = "{What drives the ultraviolet colours of passive galaxies?}",
  journal = {\mnras},
archivePrefix = "arXiv",
   eprint = {1201.1907},
 keywords = {galaxies: elliptical and lenticular, cD, galaxies: stellar content, ultraviolet: galaxies},
     year = 2012,
    month = apr,
   volume = 421,
    pages = {2982-2997},
      doi = {10.1111/j.1365-2966.2012.20524.x},
   adsurl = {http://adsabs.harvard.edu/abs/2012MNRAS.421.2982S},
  adsnote = {Provided by the SAO/NASA Astrophysics Data System}
}

@ARTICLE{Hernandez+2014,
   author = {{Hern{\'a}ndez-P{\'e}rez}, F. and {Bruzual}, G.},
    title = "{Binary stars and the UVX in early-type galaxies}",
  journal = {\mnras},
archivePrefix = "arXiv",
   eprint = {1408.3426},
 keywords = {stars: horizontal branch, galaxies: elliptical and lenticular, ultraviolet: galaxies},
     year = 2014,
    month = nov,
   volume = 444,
    pages = {2571-2579},
      doi = {10.1093/mnras/stu1627},
   adsurl = {http://adsabs.harvard.edu/abs/2014MNRAS.444.2571H},
  adsnote = {Provided by the SAO/NASA Astrophysics Data System}
}

@ARTICLE{Schombert+2016,
   author = {{Schombert}, J.~M.},
    title = "{Colors of Ellipticals from GALEX to Spitzer}",
  journal = {\aj},
archivePrefix = "arXiv",
   eprint = {1609.07500},
 keywords = {galaxies: elliptical and lenticular, cD, galaxies: photometry, galaxies: stellar content},
     year = 2016,
    month = dec,
   volume = 152,
      eid = {214},
    pages = {214},
      doi = {10.3847/0004-6256/152/6/214},
   adsurl = {http://adsabs.harvard.edu/abs/2016AJ....152..214S},
  adsnote = {Provided by the SAO/NASA Astrophysics Data System}
}

@ARTICLE{Greggio+1999,
   author = {{Greggio}, L. and {Renzini}, A.},
    title = "{The UV emission of elliptical galaxies.}",
  journal = {\memsai},
   eprint = {astro-ph/9811131},
     year = 1999,
   volume = 70,
    pages = {691-708},
   adsurl = {http://adsabs.harvard.edu/abs/1999MmSAI..70..691G},
  adsnote = {Provided by the SAO/NASA Astrophysics Data System}
}

@ARTICLE{OConnell+1999,
   author = {{O'Connell}, R.~W.},
    title = "{Far-Ultraviolet Radiation from Elliptical Galaxies}",
  journal = {\araa},
   eprint = {astro-ph/9906068},
 keywords = {STELLAR POPULATIONS, HOT STARS, MASS LOSS, GALAXY EVOLUTION},
     year = 1999,
   volume = 37,
    pages = {603-648},
      doi = {10.1146/annurev.astro.37.1.603},
   adsurl = {http://adsabs.harvard.edu/abs/1999ARA%26A..37..603O},
  adsnote = {Provided by the SAO/NASA Astrophysics Data System}
}
@ARTICLE{Pietrinferni+2004,
   author = {{Pietrinferni}, A. and {Cassisi}, S. and {Salaris}, M. and {Castelli}, F.
	},
    title = "{A Large Stellar Evolution Database for Population Synthesis Studies. I. Scaled Solar Models and Isochrones}",
  journal = {\apj},
   eprint = {astro-ph/0405193},
 keywords = {Galaxies: Stellar Content, Galaxy: Disk, Galaxy: Open Clusters and Associations: General, Stars: Evolution, Stars: Horizontal-Branch},
     year = 2004,
    month = sep,
   volume = 612,
    pages = {168-190},
      doi = {10.1086/422498},
   adsurl = {http://adsabs.harvard.edu/abs/2004ApJ...612..168P},
  adsnote = {Provided by the SAO/NASA Astrophysics Data System}
}
@ARTICLE{Marigo+2013,
   author = {{Marigo}, P. and {Bressan}, A. and {Nanni}, A. and {Girardi}, L. and 
	{Pumo}, M.~L.},
    title = "{Evolution of thermally pulsing asymptotic giant branch stars - I. The COLIBRI code}",
  journal = {\mnras},
archivePrefix = "arXiv",
   eprint = {1305.4485},
 primaryClass = "astro-ph.SR",
 keywords = {equation of state, stars: abundances, stars: AGB and post-AGB, stars: carbon, stars: evolution, stars: mass-loss},
     year = 2013,
    month = sep,
   volume = 434,
    pages = {488-526},
      doi = {10.1093/mnras/stt1034},
   adsurl = {http://adsabs.harvard.edu/abs/2013MNRAS.434..488M},
  adsnote = {Provided by the SAO/NASA Astrophysics Data System}
}

@ARTICLE{Worthey+1994,
   author = {{Worthey}, G. and {Faber}, S.~M. and {Gonzalez}, J.~J. and {Burstein}, D.
	},
    title = "{Old stellar populations. 5: Absorption feature indices for the complete LICK/IDS sample of stars}",
  journal = {\apjs},
 keywords = {Absorption Spectra, Sky Surveys (Astronomy), Star Distribution, Abundance, Metallicity, Stellar Atmospheres, Stellar Gravitation, Stellar Temperature},
     year = 1994,
    month = oct,
   volume = 94,
    pages = {687-722},
      doi = {10.1086/192087},
   adsurl = {http://adsabs.harvard.edu/abs/1994ApJS...94..687W},
  adsnote = {Provided by the SAO/NASA Astrophysics Data System}
}

@ARTICLE{Trager+2000,
   author = {{Trager}, S.~C. and {Faber}, S.~M. and {Worthey}, G. and {Gonz{\'a}lez}, J.~J.
	},
    title = "{The Stellar Population Histories of Early-Type Galaxies. II. Controlling Parameters of the Stellar Populations}",
  journal = {\aj},
   eprint = {astro-ph/0004095},
 keywords = {Galaxies: Abundances, Galaxies: Elliptical and Lenticular, cD, Galaxies: Evolution, Galaxies: Formation, Galaxies: Stellar Content},
     year = 2000,
    month = jul,
   volume = 120,
    pages = {165-188},
      doi = {10.1086/301442},
   adsurl = {http://adsabs.harvard.edu/abs/2000AJ....120..165T},
  adsnote = {Provided by the SAO/NASA Astrophysics Data System}
}

@ARTICLE{Vazdekis+2010,
   author = {{Vazdekis}, A. and {S{\'a}nchez-Bl{\'a}zquez}, P. and {Falc{\'o}n-Barroso}, J. and 
	{Cenarro}, A.~J. and {Beasley}, M.~A. and {Cardiel}, N. and 
	{Gorgas}, J. and {Peletier}, R.~F.},
    title = "{Evolutionary stellar population synthesis with MILES - I. The base models and a new line index system}",
  journal = {\mnras},
archivePrefix = "arXiv",
   eprint = {1004.4439},
 primaryClass = "astro-ph.CO",
     year = 2010,
    month = jun,
   volume = 404,
    pages = {1639-1671},
      doi = {10.1111/j.1365-2966.2010.16407.x},
   adsurl = {http://adsabs.harvard.edu/abs/2010MNRAS.404.1639V},
  adsnote = {Provided by the SAO/NASA Astrophysics Data System}
}
@ARTICLE{Galleti+2009,
   author = {{Galleti}, S. and {Bellazzini}, M. and {Buzzoni}, A. and {Federici}, L. and 
	{Fusi Pecci}, F.},
    title = "{An updated survey of globular clusters in M 31. III. A spectroscopic metallicity scale for the Revised Bologna Catalog}",
  journal = {\aap},
archivePrefix = "arXiv",
   eprint = {0910.2462},
 primaryClass = "astro-ph.SR",
 keywords = {galaxies: individual: M 31, galaxies: star clusters, catalogs, Local Group},
     year = 2009,
    month = dec,
   volume = 508,
    pages = {1285-1299},
      doi = {10.1051/0004-6361/200912583},
   adsurl = {http://adsabs.harvard.edu/abs/2009A%26A...508.1285G},
  adsnote = {Provided by the SAO/NASA Astrophysics Data System}
}

@ARTICLE{Bundy+2015,
   author = {{Bundy}, K. and {Bershady}, M.~A. and {Law}, D.~R. and {Yan}, R. and 
	{Drory}, N. and {MacDonald}, N. and {Wake}, D.~A. and {Cherinka}, B. and 
	{S{\'a}nchez-Gallego}, J.~R. and {Weijmans}, A.-M. and {Thomas}, D. and 
	{Tremonti}, C. and {Masters}, K. and {Coccato}, L. and {Diamond-Stanic}, A.~M. and 
	{Arag{\'o}n-Salamanca}, A. and {Avila-Reese}, V. and {Badenes}, C. and 
	{Falc{\'o}n-Barroso}, J. and {Belfiore}, F. and {Bizyaev}, D. and 
	{Blanc}, G.~A. and {Bland-Hawthorn}, J. and {Blanton}, M.~R. and 
	{Brownstein}, J.~R. and {Byler}, N. and {Cappellari}, M. and 
	{Conroy}, C. and {Dutton}, A.~A. and {Emsellem}, E. and {Etherington}, J. and 
	{Frinchaboy}, P.~M. and {Fu}, H. and {Gunn}, J.~E. and {Harding}, P. and 
	{Johnston}, E.~J. and {Kauffmann}, G. and {Kinemuchi}, K. and 
	{Klaene}, M.~A. and {Knapen}, J.~H. and {Leauthaud}, A. and 
	{Li}, C. and {Lin}, L. and {Maiolino}, R. and {Malanushenko}, V. and 
	{Malanushenko}, E. and {Mao}, S. and {Maraston}, C. and {McDermid}, R.~M. and 
	{Merrifield}, M.~R. and {Nichol}, R.~C. and {Oravetz}, D. and 
	{Pan}, K. and {Parejko}, J.~K. and {Sanchez}, S.~F. and {Schlegel}, D. and 
	{Simmons}, A. and {Steele}, O. and {Steinmetz}, M. and {Thanjavur}, K. and 
	{Thompson}, B.~A. and {Tinker}, J.~L. and {van den Bosch}, R.~C.~E. and 
	{Westfall}, K.~B. and {Wilkinson}, D. and {Wright}, S. and {Xiao}, T. and 
	{Zhang}, K.},
    title = "{Overview of the SDSS-IV MaNGA Survey: Mapping nearby Galaxies at Apache Point Observatory}",
  journal = {\apj},
archivePrefix = "arXiv",
   eprint = {1412.1482},
 keywords = {galaxies: evolution, galaxies: general, surveys, techniques: imaging spectroscopy},
     year = 2015,
    month = jan,
   volume = 798,
      eid = {7},
    pages = {7},
      doi = {10.1088/0004-637X/798/1/7},
   adsurl = {http://adsabs.harvard.edu/abs/2015ApJ...798....7B},
  adsnote = {Provided by the SAO/NASA Astrophysics Data System}
}

@Misc{SciPy,
  author =    {Eric Jones and Travis Oliphant and Pearu Peterson and others},
  title =     {{SciPy}: Open source scientific tools for {Python}},
  year =      {2001--},
  url = "http://www.scipy.org/"
}

@ARTICLE{Choi+2017,
   author = {{Choi}, J. and {Conroy}, C. and {Byler}, N.},
    title = "{The Evolution and Properties of Rotating Massive Star Populations}",
  journal = {\apj},
archivePrefix = "arXiv",
   eprint = {1702.04722},
 primaryClass = "astro-ph.SR",
 keywords = {galaxies: clusters: general, stars: massive, stars: rotation},
     year = 2017,
    month = apr,
   volume = 838,
      eid = {159},
    pages = {159},
      doi = {10.3847/1538-4357/aa679f},
   adsurl = {http://adsabs.harvard.edu/abs/2017ApJ...838..159C},
  adsnote = {Provided by the SAO/NASA Astrophysics Data System}
}

@ARTICLE{Rosen+2012,
   author = {{Rosen}, A.~L. and {Krumholz}, M.~R. and {Ramirez-Ruiz}, E.},
    title = "{What Sets the Initial Rotation Rates of Massive Stars?}",
  journal = {\apj},
archivePrefix = "arXiv",
   eprint = {1201.4186},
 primaryClass = "astro-ph.SR",
 keywords = {stars: formation, stars: magnetic field, stars: massive, stars: protostars, stars: rotation},
     year = 2012,
    month = apr,
   volume = 748,
      eid = {97},
    pages = {97},
      doi = {10.1088/0004-637X/748/2/97},
   adsurl = {http://adsabs.harvard.edu/abs/2012ApJ...748...97R},
  adsnote = {Provided by the SAO/NASA Astrophysics Data System}
}

@ARTICLE{Choi+2014,
   author = {{Choi}, J. and {Conroy}, C. and {Moustakas}, J. and {Graves}, G.~J. and 
	{Holden}, B.~P. and {Brodwin}, M. and {Brown}, M.~J.~I. and 
	{van Dokkum}, P.~G.},
    title = "{The Assembly Histories of Quiescent Galaxies since z = 0.7 from Absorption Line Spectroscopy}",
  journal = {\apj},
archivePrefix = "arXiv",
   eprint = {1403.4932},
 keywords = {galaxies: abundances, galaxies: elliptical and lenticular, cD, galaxies: evolution, galaxies: stellar content},
     year = 2014,
    month = sep,
   volume = 792,
      eid = {95},
    pages = {95},
      doi = {10.1088/0004-637X/792/2/95},
   adsurl = {http://adsabs.harvard.edu/abs/2014ApJ...792...95C},
  adsnote = {Provided by the SAO/NASA Astrophysics Data System}
}

@ARTICLE{Thomas+2005,
   author = {{Thomas}, D. and {Maraston}, C. and {Bender}, R. and {Mendes de Oliveira}, C.
	},
    title = "{The Epochs of Early-Type Galaxy Formation as a Function of Environment}",
  journal = {\apj},
   eprint = {astro-ph/0410209},
 keywords = {Galaxies: Abundances, Galaxies: Elliptical and Lenticular, cD, Galaxies: Evolution, Galaxies: Formation, Galaxies: Stellar Content},
     year = 2005,
    month = mar,
   volume = 621,
    pages = {673-694},
      doi = {10.1086/426932},
   adsurl = {http://adsabs.harvard.edu/abs/2005ApJ...621..673T},
  adsnote = {Provided by the SAO/NASA Astrophysics Data System}
}

@ARTICLE{Renzini+2006,
   author = {{Renzini}, A.},
    title = "{Stellar Population Diagnostics of Elliptical Galaxy Formation}",
  journal = {\araa},
   eprint = {astro-ph/0603479},
     year = 2006,
    month = sep,
   volume = 44,
    pages = {141-192},
      doi = {10.1146/annurev.astro.44.051905.092450},
   adsurl = {http://adsabs.harvard.edu/abs/2006ARA%26A..44..141R},
  adsnote = {Provided by the SAO/NASA Astrophysics Data System}
}

@ARTICLE{McIntosh+2014,
   author = {{McIntosh}, D.~H. and {Wagner}, C. and {Cooper}, A. and {Bell}, E.~F. and 
	{Kere{\v s}}, D. and {Bosch}, F.~C.~v.~d. and {Gallazzi}, A. and 
	{Haines}, T. and {Mann}, J. and {Pasquali}, A. and {Christian}, A.~M.
	},
    title = "{A new population of recently quenched elliptical galaxies in the SDSS}",
  journal = {\mnras},
archivePrefix = "arXiv",
   eprint = {1308.0054},
 keywords = {galaxies: elliptical and lenticular, cD, galaxies: evolution, galaxies: formation, galaxies: star formation},
     year = 2014,
    month = jul,
   volume = 442,
    pages = {533-557},
      doi = {10.1093/mnras/stu808},
   adsurl = {http://adsabs.harvard.edu/abs/2014MNRAS.442..533M},
  adsnote = {Provided by the SAO/NASA Astrophysics Data System}
}

@ARTICLE{Herwig+2000,
   author = {{Herwig}, F.},
    title = "{The evolution of AGB stars with convective overshoot}",
  journal = {\aap},
   eprint = {astro-ph/0007139},
 keywords = {STARS: ABUNDANCES, STARS: INTERIORS, STARS: EVOLUTION, STARS: AGB AND POST-AGB},
     year = 2000,
    month = aug,
   volume = 360,
    pages = {952-968},
   adsurl = {http://adsabs.harvard.edu/abs/2000A%26A...360..952H},
  adsnote = {Provided by the SAO/NASA Astrophysics Data System}
}

@ARTICLE{Holden+2012,
   author = {{Holden}, B.~P. and {van der Wel}, A. and {Rix}, H.-W. and {Franx}, M.
	},
    title = "{A Constant Limiting Mass Scale for Flat Early-type Galaxies from z \~{} 1 to z = 0: Density Evolves but Shapes Do Not}",
  journal = {\apj},
archivePrefix = "arXiv",
   eprint = {1108.6086},
 keywords = {galaxies: elliptical and lenticular, cD, galaxies: evolution, galaxies: fundamental parameters},
     year = 2012,
    month = apr,
   volume = 749,
      eid = {96},
    pages = {96},
      doi = {10.1088/0004-637X/749/2/96},
   adsurl = {http://adsabs.harvard.edu/abs/2012ApJ...749...96H},
  adsnote = {Provided by the SAO/NASA Astrophysics Data System}
}
%-------------------------------------------------------------------------------

@ARTICLE{Schiavon+2004,
   author = {{Schiavon}, R.~P. and {Rose}, J.~A. and {Courteau}, S. and {MacArthur}, L.~A.
	},
    title = "{The Identification of Blue Horizontal-Branch Stars in the Integrated Spectra of Globular Clusters}",
  journal = {\apjl},
   eprint = {astro-ph/0404592},
 keywords = {Galaxies: Evolution, Galaxies: Stellar Content, Galaxy: Globular Clusters: General, Stars: Evolution, Stars: Horizontal-Branch},
     year = 2004,
    month = jun,
   volume = 608,
    pages = {L33-L36},
      doi = {10.1086/422251},
   adsurl = {http://adsabs.harvard.edu/abs/2004ApJ...608L..33S},
  adsnote = {Provided by the SAO/NASA Astrophysics Data System}
}

@ARTICLE{Sarajedini+2007,
   author = {{Sarajedini}, A. and {Bedin}, L.~R. and {Chaboyer}, B. and {Dotter}, A. and 
	{Siegel}, M. and {Anderson}, J. and {Aparicio}, A. and {King}, I. and 
	{Majewski}, S. and {Mar{\'{\i}}n-Franch}, A. and {Piotto}, G. and 
	{Reid}, I.~N. and {Rosenberg}, A.},
    title = "{The ACS Survey of Galactic Globular Clusters. I. Overview and Clusters without Previous Hubble Space Telescope Photometry}",
  journal = {\aj},
   eprint = {astro-ph/0612598},
 keywords = {globular clusters: individual: E3: Lyng{\aa} 7: NGC 5053: NGC 5466: NGC 6144: NGC 6366: NGC 6779: Palomar 1: Palomar 2, Hertzsprung-Russell diagram},
     year = 2007,
    month = apr,
   volume = 133,
    pages = {1658-1672},
      doi = {10.1086/511979},
   adsurl = {http://adsabs.harvard.edu/abs/2007AJ....133.1658S},
  adsnote = {Provided by the SAO/NASA Astrophysics Data System}
}

@ARTICLE{Conroy+2010,
   author = {{Conroy}, C. and {Gunn}, J.~E.},
    title = "{The Propagation of Uncertainties in Stellar Population Synthesis Modeling. III. Model Calibration, Comparison, and Evaluation}",
  journal = {\apj},
archivePrefix = "arXiv",
   eprint = {0911.3151},
 keywords = {galaxies: evolution, galaxies: stellar content, stars: evolution},
     year = 2010,
    month = apr,
   volume = 712,
    pages = {833-857},
      doi = {10.1088/0004-637X/712/2/833},
   adsurl = {http://adsabs.harvard.edu/abs/2010ApJ...712..833C},
  adsnote = {Provided by the SAO/NASA Astrophysics Data System}
}

@MISC{cloudyFSPSv1,
  author       = {{Byler}, N.},
  title        = {cloudyFSPS},
  version      = {1.0.0},
  publisher    = {Zenodo},
  month        = jan,
  year         = 2018,
  doi          = {10.5281/zenodo.1156412},
  url          = {https://doi.org/10.5281/zenodo.1156412}
}

@MISC{pythonFSPSdfm,
  author       = {{Foreman-Mackey}, D., and {Sick}, J., and {Johnson}, B.~D.},
  title        = {python-fsps: Python bindings to FSPS},
  version      = {0.1.1},
  publisher    = {Zenodo},
  month        = oct,
  year         = 2014,
  doi          = {10.5281/zenodo.12157},
  url          = {https://doi.org/10.5281/zenodo.12157}
}

@ARTICLE{Yan+2018,
   author = {{Yan}, R.},
    title = "{Shocks or photoionization: direct temperature measurements of the low-ionization gas in quiescent galaxies}",
  journal = {\mnras},
archivePrefix = "arXiv",
   eprint = {1808.02045},
 keywords = {galaxies: abundances, galaxies: elliptical and lenticular, cD, galaxies: ISM, $\lt$italic$\gt$(galaxies:)$\lt$/italic$\gt$ quasars: emission lines},
     year = 2018,
    month = nov,
   volume = 481,
    pages = {476-493},
      doi = {10.1093/mnras/sty2143},
   adsurl = {http://adsabs.harvard.edu/abs/2018MNRAS.481..476Y},
  adsnote = {Provided by the SAO/NASA Astrophysics Data System}
}


@ARTICLE{Miller-Bertolami+2016,
   author = {{Miller Bertolami}, M.~M.},
    title = "{New models for the evolution of post-asymptotic giant branch stars and central stars of planetary nebulae}",
  journal = {\aap},
archivePrefix = "arXiv",
   eprint = {1512.04129},
 primaryClass = "astro-ph.SR",
 keywords = {stars: AGB and post-AGB, stars: low-mass, stars: evolution, planetary nebulae: general},
     year = 2016,
    month = apr,
   volume = 588,
      eid = {A25},
    pages = {A25},
      doi = {10.1051/0004-6361/201526577},
   adsurl = {http://adsabs.harvard.edu/abs/2016A%26A...588A..25M},
  adsnote = {Provided by the SAO/NASA Astrophysics Data System}
}

@ARTICLE{Gesicki+2018,
   author = {{Gesicki}, K. and {Zijlstra}, A.~A. and {Miller Bertolami}, M.~M.
	},
    title = "{The mysterious age invariance of the planetary nebula luminosity function bright cut-off}",
  journal = {Nature Astronomy},
archivePrefix = "arXiv",
   eprint = {1805.02643},
 primaryClass = "astro-ph.SR",
     year = 2018,
    month = jul,
   volume = 2,
    pages = {580-584},
      doi = {10.1038/s41550-018-0453-9},
   adsurl = {http://adsabs.harvard.edu/abs/2018NatAs...2..580G},
  adsnote = {Provided by the SAO/NASA Astrophysics Data System}
}

@ARTICLE{Henry+2018,
   author = {{Henry}, R.~B.~C. and {Stephenson}, B.~G. and {Miller Bertolami}, M.~M. and 
	{Kwitter}, K.~B. and {Balick}, B.},
    title = "{On the production of He, C, and N by low- and intermediate-mass stars: a comparison of observed and model-predicted planetary nebula abundances}",
  journal = {\mnras},
archivePrefix = "arXiv",
   eprint = {1708.08910},
 primaryClass = "astro-ph.SR",
 keywords = {stars: AGB and post-AGB, stars: evolution, ISM: abundances, planetary nebulae: general, galaxies: abundances, galaxies: ISM},
     year = 2018,
    month = jan,
   volume = 473,
    pages = {241-260},
      doi = {10.1093/mnras/stx2286},
   adsurl = {http://adsabs.harvard.edu/abs/2018MNRAS.473..241H},
  adsnote = {Provided by the SAO/NASA Astrophysics Data System}
}

@ARTICLE{Conroy+2014,
   author = {{Conroy}, C. and {Graves}, G.~J. and {van Dokkum}, P.~G.},
    title = "{Early-type Galaxy Archeology: Ages, Abundance Ratios, and Effective Temperatures from Full-spectrum Fitting}",
  journal = {\apj},
archivePrefix = "arXiv",
   eprint = {1303.6629},
 keywords = {galaxies: abundances, galaxies: stellar content},
     year = 2014,
    month = jan,
   volume = 780,
      eid = {33},
    pages = {33},
      doi = {10.1088/0004-637X/780/1/33},
   adsurl = {http://adsabs.harvard.edu/abs/2014ApJ...780...33C},
  adsnote = {Provided by the SAO/NASA Astrophysics Data System}
}

@ARTICLE{Zhu+2010,
       author = {{Zhu}, Guangtun and {Blanton}, Michael R. and {Moustakas}, John},
        title = "{Stellar Populations of Elliptical Galaxies in the Local Universe}",
      journal = {\apj},
     keywords = {galaxies: elliptical and lenticular, cD, galaxies: evolution, galaxies:
        formation, galaxies: fundamental parameters, galaxies: stellar
        content, Astrophysics - Cosmology and Nongalactic Astrophysics},
         year = 2010,
        month = Oct,
       volume = {722},
        pages = {491-519},
          doi = {10.1088/0004-637X/722/1/491},
archivePrefix = {arXiv},
       eprint = {1006.5055},
 primaryClass = {astro-ph.CO},
       adsurl = {https://ui.adsabs.harvard.edu/#abs/2010ApJ...722..491Z},
      adsnote = {Provided by the SAO/NASA Astrophysics Data System}
}

@ARTICLE{Karakas+2010,
   author = {{Karakas}, A.~I.},
    title = "{Updated stellar yields from asymptotic giant branch models}",
  journal = {\mnras},
archivePrefix = "arXiv",
   eprint = {0912.2142},
 primaryClass = "astro-ph.SR",
 keywords = {nuclear reactions, nucleosynthesis, abundances, stars: AGB and post-AGB, stars: Population II, ISM: abundances},
     year = 2010,
    month = apr,
   volume = 403,
    pages = {1413-1425},
      doi = {10.1111/j.1365-2966.2009.16198.x},
   adsurl = {http://adsabs.harvard.edu/abs/2010MNRAS.403.1413K},
  adsnote = {Provided by the SAO/NASA Astrophysics Data System}
}

@ARTICLE{Maciel+2017,
   author = {{Maciel}, W.~J. and {Costa}, R.~D.~D. and {Cavichia}, O.},
    title = "{Abundances in photoionized nebulae of the Local Group and nucleosynthesis of intermediate mass stars}",
  journal = {\rmxaa},
archivePrefix = "arXiv",
   eprint = {1702.03721},
 keywords = {galaxies: abundances, Galaxy: disk, ISM: abundances, planetary nebulae: general},
     year = 2017,
    month = apr,
   volume = 53,
    pages = {151-166},
   adsurl = {http://adsabs.harvard.edu/abs/2017RMxAA..53..151M},
  adsnote = {Provided by the SAO/NASA Astrophysics Data System}
}

@ARTICLE{CidFernandes+2010,
   author = {{Cid Fernandes}, R. and {Stasi{\'n}ska}, G. and {Schlickmann}, M.~S. and 
	{Mateus}, A. and {Vale Asari}, N. and {Schoenell}, W. and {Sodr{\'e}}, L.
	},
    title = "{Alternative diagnostic diagrams and the `forgotten' population of weak line galaxies in the SDSS}",
  journal = {\mnras},
archivePrefix = "arXiv",
   eprint = {0912.1643},
 keywords = {galaxies: active, galaxies: statistics},
     year = 2010,
    month = apr,
   volume = 403,
    pages = {1036-1053},
      doi = {10.1111/j.1365-2966.2009.16185.x},
   adsurl = {http://adsabs.harvard.edu/abs/2010MNRAS.403.1036C},
  adsnote = {Provided by the SAO/NASA Astrophysics Data System}
}

@INPROCEEDINGS{Weston+2010,
   author = {{Weston}, S. and {Napiwotzki}, R. and {Catal{\'a}n}, S.},
    title = "{Anyone out there? Galactic Halo Post-AGB stars}",
 keywords = {galaxies, Population II main-sequence stars, sky surveys, spectroscopy, white dwarfs, Galactic halo, Population II stars, Astronomical catalogs atlases sky surveys databases retrieval systems archives etc., Spectroscopy and spectrophotometry, Faint blue stars white dwarfs degenerate stars nuclei of planetary nebulae},
booktitle = {American Institute of Physics Conference Series},
     year = 2010,
   series = {American Institute of Physics Conference Series},
   volume = 1273,
archivePrefix = "arXiv",
   eprint = {1010.5408},
 primaryClass = "astro-ph.SR",
   editor = {{Werner}, K. and {Rauch}, T.},
    month = nov,
    pages = {197-202},
      doi = {10.1063/1.3527802},
   adsurl = {http://adsabs.harvard.edu/abs/2010AIPC.1273..197W},
  adsnote = {Provided by the SAO/NASA Astrophysics Data System}
}

@ARTICLE{Girardi+2007,
   author = {{Girardi}, L. and {Marigo}, P.},
    title = "{The TP-AGB phase. Lifetimes from C and M star counts in Magellanic Cloud clusters}",
  journal = {\aap},
   eprint = {astro-ph/0609626},
 keywords = {stars: AGB and post-AGB, stars: carbon, galaxies: Magellanic Clouds, galaxies: star clusters},
     year = 2007,
    month = jan,
   volume = 462,
    pages = {237-243},
      doi = {10.1051/0004-6361:20065249},
   adsurl = {http://adsabs.harvard.edu/abs/2007A%26A...462..237G},
  adsnote = {Provided by the SAO/NASA Astrophysics Data System}
}

@ARTICLE{Pastorello+2013,
   author = {{Pastorello}, N. and {Sarzi}, M. and {Cappellari}, M. and {Emsellem}, E. and 
	{Mamon}, G.~A. and {Bacon}, R. and {Davies}, R.~L. and {de Zeeuw}, P.~T.
	},
    title = "{The planetary nebulae population in the nuclear regions of M31: the SAURON view}",
  journal = {\mnras},
archivePrefix = "arXiv",
   eprint = {1212.5268},
 keywords = {stars: AGB and post-AGB, planetary nebulae: general, galaxies: elliptical and lenticular, cD, galaxies: individual: M31, galaxies: stellar content},
     year = 2013,
    month = apr,
   volume = 430,
    pages = {1219-1229},
      doi = {10.1093/mnras/sts691},
   adsurl = {http://adsabs.harvard.edu/abs/2013MNRAS.430.1219P},
  adsnote = {Provided by the SAO/NASA Astrophysics Data System}
}

@ARTICLE{Yaron+2017,
       author = {{Yaron}, Ofer and {Prialnik}, Dina and {Kovetz}, Attay and {Shara},
        Michael M.},
        title = "{An Extensive Grid of Models Producing Extreme Horizontal Branch Stars}",
      journal = {arXiv e-prints},
     keywords = {Astrophysics - Solar and Stellar Astrophysics},
         year = 2017,
        month = Sep,
          eid = {arXiv:1709.02127},
        pages = {arXiv:1709.02127},
archivePrefix = {arXiv},
       eprint = {1709.02127},
 primaryClass = {astro-ph.SR},
       adsurl = {https://ui.adsabs.harvard.edu/#abs/2017arXiv170902127Y},
      adsnote = {Provided by the SAO/NASA Astrophysics Data System}
}

@ARTICLE{Dalessandro+2013,
   author = {{Dalessandro}, E. and {Salaris}, M. and {Ferraro}, F.~R. and 
	{Mucciarelli}, A. and {Cassisi}, S.},
    title = "{The horizontal branch in the UV colour-magnitude diagrams - II. The case of M3, M13 and M79}",
  journal = {\mnras},
archivePrefix = "arXiv",
   eprint = {1212.4419},
 primaryClass = "astro-ph.SR",
 keywords = {stars: evolution, stars: horizontal branch, globular clusters: individual: M3, globular clusters: individual: M13, globular clusters: individual: M79, ultraviolet: stars},
     year = 2013,
    month = mar,
   volume = 430,
    pages = {459-471},
      doi = {10.1093/mnras/sts644},
   adsurl = {http://adsabs.harvard.edu/abs/2013MNRAS.430..459D},
  adsnote = {Provided by the SAO/NASA Astrophysics Data System}
}

@ARTICLE{Catelan+2009,
   author = {{Catelan}, M.},
    title = "{Horizontal branch stars: the interplay between observations and theory, and insights into the formation of the Galaxy}",
  journal = {\apss},
   eprint = {astro-ph/0507464},
 keywords = {Galaxies: Local Group, Galaxy: formation, Galaxy: globular cluster: general, Stars: evolution, Stars: Hertzsprung-Russell diagram, Stars: horizontal-branch, Stars: variables: other},
     year = 2009,
    month = apr,
   volume = 320,
    pages = {261-309},
      doi = {10.1007/s10509-009-9987-8},
   adsurl = {http://adsabs.harvard.edu/abs/2009Ap%26SS.320..261C},
  adsnote = {Provided by the SAO/NASA Astrophysics Data System}
}

@ARTICLE{Moehler+2007,
   author = {{Moehler}, S. and {Dreizler}, S. and {Lanz}, T. and {Bono}, G. and 
	{Sweigart}, A.~V. and {Calamida}, A. and {Monelli}, M. and {Nonino}, M.
	},
    title = "{The hottest horizontal-branch stars in {$\omega$} Centauri. Late hot flasher vs. helium enrichment}",
  journal = {\aap},
archivePrefix = "arXiv",
   eprint = {0709.2839},
 keywords = {stars: horizontal-branch, stars: evolution, techniques: spectroscopic, Galaxy: globular clusters: individual: {$\omega$} Centauri},
     year = 2007,
    month = nov,
   volume = 475,
    pages = {L5-L8},
      doi = {10.1051/0004-6361:20078509},
   adsurl = {http://adsabs.harvard.edu/abs/2007A%26A...475L...5M},
  adsnote = {Provided by the SAO/NASA Astrophysics Data System}
}

@ARTICLE{Sharp+2010,
   author = {{Sharp}, R.~G. and {Bland-Hawthorn}, J.},
    title = "{Three-Dimensional Integral Field Observations of 10 Galactic Winds. I. Extended Phase (gsim10 Myr) of Mass/Energy Injection Before the Wind Blows}",
  journal = {\apj},
archivePrefix = "arXiv",
   eprint = {1001.4315},
 keywords = {galaxies: individual: NGC 253 NGC 1365 NGC 1482 NGC 1808 NGC 3628 NGC 5128 Circinus NGC 6240 NGC 6810 IC 5063},
     year = 2010,
    month = mar,
   volume = 711,
    pages = {818-852},
      doi = {10.1088/0004-637X/711/2/818},
   adsurl = {http://adsabs.harvard.edu/abs/2010ApJ...711..818S},
  adsnote = {Provided by the SAO/NASA Astrophysics Data System}
}

@ARTICLE{Pastorelli+2017,
   author = {{Pastorelli}, G. and {Marigo}, P. and {Girardi}, L. and {Rubele}, S. and 
	{Nanni}, A. and {Chen}, Y. and {Bressan}, A. and {Aringer}, B. and 
	{Trabucchi}, M. and {Montalb{\'a}n}, J. and {Bladh}, S. and 
	{Cioni}, M.-R.~L.},
    title = "{Calibrating the TP-AGB phase through resolved stellar populations in the Small Magellanic Cloud }",
  journal = {\memsai},
 keywords = {Stars: AGB, Stars: mass-loss, Magellanic Clouds},
     year = 2017,
   volume = 88,
    pages = {262},
   adsurl = {http://adsabs.harvard.edu/abs/2017MmSAI..88..262P},
  adsnote = {Provided by the SAO/NASA Astrophysics Data System}
}

@ARTICLE{McDonald+2015,
   author = {{McDonald}, I. and {Zijlstra}, A.~A.},
    title = "{Mass-loss on the red giant branch: the value and metallicity dependence of Reimers' {$\eta$} in globular clusters}",
  journal = {\mnras},
archivePrefix = "arXiv",
   eprint = {1501.00874},
 primaryClass = "astro-ph.SR",
 keywords = {stars: evolution, stars: horizontal branch, stars: mass-loss, stars: winds, outflows, globular clusters: general},
     year = 2015,
    month = mar,
   volume = 448,
    pages = {502-521},
      doi = {10.1093/mnras/stv007},
   adsurl = {http://adsabs.harvard.edu/abs/2015MNRAS.448..502M},
  adsnote = {Provided by the SAO/NASA Astrophysics Data System}
}

@ARTICLE{Griffith+2019,
       author = {{Griffith}, Emily and {Martini}, Paul and {Conroy}, Charlie},
        title = "{A comparison of stellar and gas-phase chemical abundances in dusty early-type galaxies}",
      journal = {\mnras},
     keywords = {galaxies: abundances, galaxies: elliptical and lenticular, cD, galaxies: evolution, galaxies: general, galaxies:ISM, galaxies: stellar content, Astrophysics - Astrophysics of Galaxies},
         year = 2019,
        month = Mar,
       volume = {484},
        pages = {562-573},
          doi = {10.1093/mnras/sty3405},
archivePrefix = {arXiv},
       eprint = {1809.05114},
 primaryClass = {astro-ph.GA},
       adsurl = {https://ui.adsabs.harvard.edu/\#abs/2019MNRAS.484..562G},
      adsnote = {Provided by the SAO/NASA Astrophysics Data System}
}
